4446 5714
456 424 1411 546 Purucruterunnnnuror.
1544 469 1650 588 173

260 617 345 678 non
365 583 497 676 essent.
542 589 652 700 ¹Quae
668 586 711 672 in
728 595 815 672 ae're
831 588 914 703 sunt
933 591 974 668 dt
990 615 1075 673 non
1094 609 1359 701 pregravant,
1406 584 1545 693 vulgus
1576 617 1660 694 gra-
1685 591 1744 664 Du
1762 588 1847 661 Mo.

261 709 329 792 via
347 731 437 787 non
461 701 620 810 judicat.
667 704 771 816 Quae
799 723 1038 816 praegravant
1054 701 1194 810 vulgus
1211 702 1343 812 gravia
1372 699 1536 808 judicat,
1567 703 1658 810 qud·
1674 704 1725 761 TU
1747 685 1848 758 0⁰¹³·

262 849 374 916 tenus
402 818 498 904 aeris
525 819 699 936 pondere
721 845 803 906 non
818 815 1054 905 sustinentur.
1096 816 1276 904 Pondere
1291 817 1402 926 vulgi
1425 817 1525 902 nihil
1556 801 1822 954 aliudss'RUM·

261 939 347 1023 sunt
369 931 489 1044 qubm
503 934 676 1024 excessus
696 963 881 1023 verorum
898 933 1118 1048 ponderum
1136 935 1244 1050 supra
1262 933 1415 1052 pondus
1429 934 1536 1020 aeris.
1578 936 1660 1020 Un-
1674 899 1836 1053 Sffln

261 1052 312 1138 de
340 1049 533 1161 &vulgo
563 1050 743 1140 dicuntur
769 1047 895 1166 levio,
929 1079 1018 1160 quae
1052 1050 1136 1136 sunt
1160 1049 1291 1136 minus
1320 1051 1473 1160 gravia,
1503 1050 1660 1162 aerique
1674 1081 1779 1152 sm,
1802 1077 1847 1149 u,

259 1167 516 1288 pregravanti
539 1167 720 1256 cedendo
743 1169 783 1254 su
811 1161 933 1254 eriora
950 1189 1097 1286 petunt.
1127 1166 1404 1284 Comparative
1417 1166 1523 1253 levia
1552 1169 1762 1276 suntsswt·
1779 1169 1848 1236 XX*-

260 1312 342 1371 non
372 1284 487 1384 vere,
518 1282 610 1393 quia
630 1201 869 1371 descendunt
894 1280 936 1366 in
962 1314 1105 1370 vacuo.
1143 1280 1276 1370 Sic&
1293 1285 1336 1368 in
1362 1257 1826 1407 aqufi'corpora,{¹bf⁰¹'

260 1429 349 1513 quae
373 1401 428 1488 ob
451 1397 645 1508 majorem
668 1399 735 1486 vel
767 1397 964 1485 minorem
986 1400 1217 1504 gravitatem
1250 1399 1489 1486 descendunt
1518 1401 1585 1488 vel
1608 1402 1660 1487 as·
1716 1403 1719 1410 ‘

260 1515 459 1616 cendunt,
487 1517 574 1604 sunt
591 1513 857 1632 comparative
874 1523 917 1598 dt
932 1539 1158 1630 apparenter
1169 1517 1302 1624 gravia
1314 1515 1381 1602 vel
1398 1514 1514 1614 levia,
1529 1523 1572 1600 ὃ(
1593 1549 1661 1605 eo-

260 1661 349 1720 rum
367 1631 534 1739 gravitas
561 1631 630 1722 vel
663 1630 803 1719 levitas
830 1630 1164 1747 comparativa&
1193 1663 1377 1750 apparens
1408 1637 1460 1720 est
1488 1633 1663 1720 exceiiue

260 1747 329 1840 uel
357 1747 532 1836 defectus
556 1779 637 1858 quo
653 1775 747 1834 vera
762 1776 899 1836 eorum
919 1743 1085 1860 gravitas
1109 1745 1178 1834 vel
1200 1749 1348 1870 superat
1371 1748 1600 1857 gravitatem
1623 1771 1663 1852 af

264 1891 372 1974 quae,
393 1864 461 1952 uel
485 1865 536 1953 ab
556 1863 602 1952 ed
616 1868 832 1980 ksuperatur.
870 1862 973 1973 Quae
988 1867 1085 1949 verb
1109 1895 1185 1950 nec
1201 1863 1480 1982 pregravando
1498 1864 1662 1964 descenq

264 1978 389 2083 dunt,
417 2011 493 2066 neo
517 1979 770 2097 praegmvanti
793 1975 977 2066 cedendo
998 1978 1209 2067 ascendunt
1238 2037 1250 2081 ,
1292 1981 1442 2068 etiamst
1460 1981 1564 2070 veris
1584 1982 1660 2066 suir

262 2096 499 2210 ponderibus
520 2097 735 2206 adaugeant
758 2093 912 2213 pondus
938 2093 1080 2196 torius,
1110 2094 1376 2212 comparative
1392 2121 1525 2184 tamen
1550 2105 1592 2184 ὅ(
1616 2097 1659 2190 in

263 2214 370 2300 sensu
391 2212 502 2320 uulgi
520 2243 605 2300 non
629 2213 822 2320 gravitant
845 2214 888 2298 in
914 2210 1027 2322 aqut.
1071 2213 1185 2300 Nam
1202 2213 1335 2299 similis
1355 2217 1409 2302 est
1433 2213 1576 2301 horum
1593 2245 1658 2300 ca·

265 2327 375 2414 suum
400 2328 687 2417 demonstratio.

323 2447 432 2534 00νοὶ.
454 2477 493 2550 7.
521 2447 625 2559 Quae
646 2443 697 2531 de
726 2444 912 2557 gravitate
935 2441 1267 2543 demonstrem,
1306 2443 1484 2532 obtinent
1506 2445 1549 2528 in
1572 2445 1655 2534 aliis

262 2561 558 2673 quibuscunque
585 2563 733 2658 viribus
752 2560 875 2647 centri
903 2559 987 2647 eris.

322 2682 432 2765 Corol.
469 2689 506 2763 8.
547 2675 718 2766 Proinde
739 2681 768 2763 ss
790 2591 1001 2778 medium,
1046 2675 1087 2760 in
1113 2705 1193 2786 quo
1221 2708 1360 2794 corpus
1384 2675 1542 2787 aliquod
1565 2707 1652 2772 mo·

263 2815 376 2882 vetur
388 2851 400 2891 ,
430 2817 605 2902 urgeatur
628 2794 695 2878 vel
712 2791 735 2878 *a
751 2792 935 2902 gravitate
957 2791 1135 2909 proprii,
1162 2793 1230 2882 vel
1252 2794 1302 2880 ab
1330 2791 1402 2878 alit
1417 2791 1650 2903 quicunque

262 2909 306 2998 vi
334 2907 574 3024 centriperd‚
603 2917 644 2995 dt
673 2939 813 3024 corpus
838 2906 888 2994 ab
913 2906 1053 2996 eddem
1083 2907 1127 2994 vi
1148 2936 1323 3019 urgeatur
1353 2908 1513 3014 fonius3
1543 2907 1654 2996 diffe-

262 3024 385 3112 rentia
406 3023 552 3111 virium
574 3032 627 3111 est
650 3025 711 3111 vis
733 3026 796 3110 illa
818 3023 984 3123 moriz,
1013 3055 1133 3134 quam
1156 3025 1198 3114 in
1226 3023 1532 3156 precedentibus
1563 3055 1655 3140 pto-

261 3139 516 3260 posrrionibus
538 3163 581 3228 ut
601 3146 684 3226 vim
713 3140 969 3255 centriperam
1002 3138 1342 3228 confideravimus.
1387 3140 1456 3225 Sin
1474 3137 1655 3282 corpusb
1787 3233 1791 3240 ,
1901 3239 1909 3248 ι

261 3257 306 3342 vi
335 3257 401 3342 isse
423 3282 598 3363 urgeatur
616 3256 767 3356 levius,
796 3254 1014 3343 differentia
1033 3256 1179 3341 virium
1203 3287 1272 3374 pro
1293 3257 1338 3346 vi
1353 3255 1564 3362 centrifuga
1583 3255 1651 3341 ba·

262 3371 346 3459 beri
377 3370 509 3460 debet.

322 3491 431 3578 Corol.
455 3517 496 3590 9.
540 3486 646 3574 Cbm
673 3507 803 3572 autem
823 3489 943 3576 fluida
968 3489 1185 3605 premendo
1209 3517 1370 3603 corpora
1400 3486 1544 3572 inclusa
1571 3515 1653 3573 non

264 3627 414 3692 mutent
444 3635 584 3692 eorum
608 3605 747 3712 figuras
772 3630 972 3704 externas,
1000 3627 1104 3720 patet
1126 3605 1277 3720 insuper
1310 3623 1408 3722 (per
1434 3607 1654 3706 corollarium

258 3746 355 3837 prop.
383 3747 476 3806 xrx.
506 3733 522 3824 )
557 3721 667 3831 quod
691 3749 771 3805 non
801 3722 1005 3810 mutabunt
1025 3723 1138 3807 strum
1154 3721 1320 3838 partium
1333 3721 1569 3804 internarum
1599 3715 1658 3812 in-

263 3855 321 3918 ter
344 3837 420 3948 se:⁴
438 3837 707 3952 proindeque,
736 3837 963 3926 sranirnalia
975 3837 1272 3948 immergantur,
1304 3843 1346 3920 dt
1360 3833 1519 3921 sensatio
1527 3833 1658 3922 omnis

259 3947 285 4034 d
305 3973 419 4038 motu
434 3953 599 4066 partium
626 3953 791 4060 oriatur;
822 3986 897 4042 nec
911 3953 1053 4042 laedent
1072 3985 1234 4069 corpora
1251 3953 1444 4050 immersa,
1473 3980 1549 4035 nec
1574 3951 1656 4035 sen·

260 4067 453 4155 sationem
476 4067 595 4155 ullam
618 4068 861 4168 excitabunt,
892 4072 963 4155 nist
993 4067 1180 4180 quitenus
1202 4069 1288 4156 haec
1320 4097 1482 4184 corpora
1505 4063 1528 4150 *a
1549 4095 1659 4154 com-
1727 4097 1734 4106 ’

260 4183 452 4300 preffione
478 4183 705 4270 condensari
722 4187 887 4301 poffunt.
935 4186 989 4273 Er
1005 4216 1071 4300 par
1094 4193 1147 4273 est
1169 4185 1266 4272 ratio
1284 4183 1547 4294 cujuscunque
1572 4211 1657 4267 cor-

264 4331 406 4414 porum
429 4302 643 4416 systematis
675 4300 796 4391 fluido
824 4302 1112 4418 comprimente
1149 4301 1375 4388 circundari.
1430 4295 1657 4414 Systematis

264 4441 385 4530 patres
414 4448 555 4504 omnes
577 4414 719 4502 iisdem
747 4417 988 4527 agitabuntur
1012 4419 1202 4515 motibus,
1233 4419 1324 4501 acsr
1346 4418 1389 4502 in
1407 4447 1536 4503 vacuo
1558 4443 1654 4512 con-

266 4531 536 4634 stituerentur,
576 4564 623 4618 ac
650 4535 771 4620 solam
798 4533 1005 4620 retinerent
1037 4535 1266 4643 gravitatem
1289 4537 1398 4621 suam
1428 4528 1659 4647 comp-arnti-¹

267 4675 382 4747 vam,
412 4647 482 4737 nist
499 4645 688 4760 quitenus
709 4650 874 4736 fluidum
889 4650 957 4737 vel
973 4651 1145 4742 motibus
1161 4681 1294 4738 earum
1305 4645 1484 4740 nonnihil
1498 4651 1636 4734 resistat
1646 4664 1659 4752 ,ῗ

263 4761 332 4863 ,vel
360 4765 584 4873 adeusdem
603 4769 886 4894 compreffione
903 4767 1227 4998 congpuqnandat
1244 4767 1466 4885 requiratur.
1503 4877 1657 4968 PRO·

1385 5073 1395 5177 t
