<?xml version="1.0" encoding="UTF-8"?>
<!DOCTYPE html PUBLIC "-//W3C//DTD XHTML 1.0 Transitional//EN"
    "http://www.w3.org/TR/xhtml1/DTD/xhtml1-transitional.dtd">
<html xmlns="http://www.w3.org/1999/xhtml" xml:lang="en" lang="en">
 <head>
  <title>
</title>
<meta http-equiv="Content-Type" content="text/html;charset=utf-8" />
  <meta name='ocr-system' content='tesseract 3.04.00' />
  <meta name='ocr-capabilities' content='ocr_page ocr_carea ocr_par ocr_line ocrx_word'/>
</head>
<body>
  <div class='ocr_page' id='page_1' title='image "./philosophiaenat02eulegoog_0015.png"; bbox 0 0 4358 5714; ppageno 0'>
   <div class='ocr_carea' id='block_1_1' title="bbox 535 395 1738 520">
    <p class='ocr_par' dir='ltr' id='par_1_1' title="bbox 535 395 1738 520">
     <span class='ocr_line' id='line_1_1' title="bbox 535 395 1738 520; baseline 0.004 -11"><span class='ocrx_word' id='word_1_1' title='bbox 535 427 568 509; x_wconf 82' lang='lat' dir='ltr'>a</span> <span class='ocrx_word' id='word_1_2' title='bbox 796 395 1738 520; x_wconf 69' lang='lat' dir='ltr'>Pnnosonntnnttnrnnns</span> 
     </span>
    </p>
   </div>
   <div class='ocr_carea' id='block_1_2' title="bbox 356 551 1942 819">
    <p class='ocr_par' dir='ltr' id='par_1_2' title="bbox 356 551 1942 819">
     <span class='ocr_line' id='line_1_2' title="bbox 356 551 1941 636; baseline -0.004 -19"><span class='ocrx_word' id='word_1_3' title='bbox 356 551 428 622; x_wconf 58' lang='grc' dir='ltr'>,ΒΕ</span> <span class='ocrx_word' id='word_1_4' title='bbox 443 552 527 624; x_wconf 89' lang='lat' dir='ltr'>Mo.</span> <span class='ocrx_word' id='word_1_5' title='bbox 539 567 666 610; x_wconf 85' lang='lat' dir='ltr'>mentum</span> <span class='ocrx_word' id='word_1_6' title='bbox 706 552 824 616; x_wconf 79' lang='lat' dir='ltr'>inverse.</span> <span class='ocrx_word' id='word_1_7' title='bbox 865 557 943 616; x_wconf 88' lang='lat' dir='ltr'>Nam</span> <span class='ocrx_word' id='word_1_8' title='bbox 975 557 1122 620; x_wconf 85' lang='lat' dir='ltr'>testllcntia</span> <span class='ocrx_word' id='word_1_9' title='bbox 1151 559 1218 626; x_wconf 84' lang='lat' dir='ltr'>dato</span> <span class='ocrx_word' id='word_1_10' title='bbox 1265 555 1355 618; x_wconf 82' lang='lat' dir='ltr'>citatis</span> <span class='ocrx_word' id='word_1_11' title='bbox 1366 557 1509 634; x_wconf 86' lang='lat' dir='ltr'>quadrato.</span> <span class='ocrx_word' id='word_1_12' title='bbox 1530 553 1743 618; x_wconf 77' lang='lat' dir='ltr'>Praetereacltm</span> <span class='ocrx_word' id='word_1_13' title='bbox 1761 553 1941 636; x_wconf 68' lang='lat' dir='ltr'>experimen-r</span> 
     </span>
     <span class='ocr_line' id='line_1_3' title="bbox 356 629 1940 724; baseline 0.004 -34"><span class='ocrx_word' id='word_1_14' title='bbox 356 629 413 721; x_wconf 71' lang='lat' dir='ltr'>‘TU</span> <span class='ocrx_word' id='word_1_15' title='bbox 428 649 529 723; x_wconf 49' lang='lat' dir='ltr'>CUR-</span> <span class='ocrx_word' id='word_1_16' title='bbox 541 632 673 724; x_wconf 71' lang='lat' dir='ltr'>temporis</span> <span class='ocrx_word' id='word_1_17' title='bbox 691 655 838 698; x_wconf 85' lang='lat' dir='ltr'>tnotnenro</span> <span class='ocrx_word' id='word_1_18' title='bbox 854 637 893 696; x_wconf 87' lang='lat' dir='ltr'>est</span> <span class='ocrx_word' id='word_1_19' title='bbox 913 659 941 698; x_wconf 90' lang='lat' dir='ltr'>ut</span> <span class='ocrx_word' id='word_1_20' title='bbox 952 643 1042 700; x_wconf 82' lang='lat' dir='ltr'>mottls</span> <span class='ocrx_word' id='word_1_21' title='bbox 1055 641 1219 704; x_wconf 84' lang='lat' dir='ltr'>decremen-</span> <span class='ocrx_word' id='word_1_22' title='bbox 1265 639 1300 698; x_wconf 87' lang='lat' dir='ltr'>t&#39;s</span> <span class='ocrx_word' id='word_1_23' title='bbox 1318 637 1349 696; x_wconf 88' lang='lat' dir='ltr'>lit</span> <span class='ocrx_word' id='word_1_24' title='bbox 1365 637 1509 720; x_wconf 81' lang='lat' dir='ltr'>cognitum</span> <span class='ocrx_word' id='word_1_25' title='bbox 1528 655 1636 716; x_wconf 88' lang='lat' dir='ltr'>partem</span> <span class='ocrx_word' id='word_1_26' title='bbox 1653 635 1806 714; x_wconf 77' lang='lat' dir='ltr'>quamdain</span> <span class='ocrx_word' id='word_1_27' title='bbox 1817 639 1940 702; x_wconf 80' lang='lat' dir='ltr'>resilien-</span> 
     </span>
     <span class='ocr_line' id='line_1_4' title="bbox 359 714 1942 819; baseline -0.011 -23"><span class='ocrx_word' id='word_1_28' title='bbox 359 766 463 819; x_wconf 56' lang='grc' dir='ltr'>ΝΜ]</span> <span class='ocrx_word' id='word_1_29' title='bbox 541 728 600 770; x_wconf 67' lang='lat'>“¹¹¹¹</span> <span class='ocrx_word' id='word_1_30' title='bbox 612 714 737 789; x_wconf 60' lang='lat' dir='ltr'>dffefflt</span> <span class='ocrx_word' id='word_1_31' title='bbox 757 720 837 788; x_wconf 58' lang='grc' dir='ltr'>ΙΝ(</span> <span class='ocrx_word' id='word_1_32' title='bbox 857 719 923 780; x_wconf 85' lang='lat' dir='ltr'>dato</span> <span class='ocrx_word' id='word_1_33' title='bbox 940 725 1032 782; x_wconf 88' lang='lat' dir='ltr'>mottis</span> <span class='ocrx_word' id='word_1_34' title='bbox 1052 723 1219 786; x_wconf 81' lang='lat' dir='ltr'>decremetr·</span> <span class='ocrx_word' id='word_1_35' title='bbox 1266 719 1311 778; x_wconf 79' lang='lat' dir='ltr'>tiae</span> <span class='ocrx_word' id='word_1_36' title='bbox 1321 718 1471 782; x_wconf 73' lang='lat' dir='ltr'>fluidorum</span> <span class='ocrx_word' id='word_1_37' title='bbox 1481 717 1652 778; x_wconf 82' lang='lat' dir='ltr'>uniformem</span> <span class='ocrx_word' id='word_1_38' title='bbox 1671 717 1744 785; x_wconf 79' lang='lat' dir='ltr'>effe,</span> <span class='ocrx_word' id='word_1_39' title='bbox 1764 718 1942 786; x_wconf 84' lang='lat' dir='ltr'>consideran·</span> 
     </span>
    </p>
   </div>
   <div class='ocr_carea' id='block_1_3' title="bbox 361 793 1950 2092">
    <p class='ocr_par' dir='ltr' id='par_1_3' title="bbox 361 793 1944 1282">
     <span class='ocr_line' id='line_1_5' title="bbox 384 793 1943 942; baseline 0.006 -93"><span class='ocrx_word' id='word_1_40' title='bbox 384 805 513 918; x_wconf 50' lang='grc' dir='ltr'>ΠΜ·</span> <span class='ocrx_word' id='word_1_41' title='bbox 542 793 748 936; x_wconf 34' lang='lat' dir='ltr'>mininie&amp;</span> <span class='ocrx_word' id='word_1_42' title='bbox 764 817 794 856; x_wconf 90' lang='lat' dir='ltr'>ut</span> <span class='ocrx_word' id='word_1_43' title='bbox 814 817 990 880; x_wconf 77' lang='lat' dir='ltr'>momentum</span> <span class='ocrx_word' id='word_1_44' title='bbox 1008 805 1143 942; x_wconf 71' lang='lat' dir='ltr'>temposris</span> <span class='ocrx_word' id='word_1_45' title='bbox 1163 823 1220 896; x_wconf 84' lang='lat' dir='ltr'>quo</span> <span class='ocrx_word' id='word_1_46' title='bbox 1268 799 1581 942; x_wconf 50' lang='lat' dir='ltr'>destpttqffituoralga</span> <span class='ocrx_word' id='word_1_47' title='bbox 1597 797 1943 939; x_wconf 46' lang='lat' dir='ltr'>hypothppeszppr&#39;quartlrm</span> 
     </span>
     <span class='ocr_line' id='line_1_6' title="bbox 361 895 1944 1052; baseline 0.001 -32"><span class='ocrx_word' id='word_1_48' title='bbox 361 944 510 1020; x_wconf 66' lang='lat' dir='ltr'>secuto</span> <span class='ocrx_word' id='word_1_49' title='bbox 544 895 888 1045; x_wconf 60' lang='lat' dir='ltr'>nlnnlfllhh</span> <span class='ocrx_word' id='word_1_50' title='bbox 901 901 1221 1040; x_wconf 48' lang='lat' dir='ltr'>slahands?</span> <span class='ocrx_word' id='word_1_51' title='bbox 1268 899 1944 1052; x_wconf 55' lang='lat' dir='ltr'>{iiisiins‘ihnlhlfhssnlhtiihh</span> 
     </span>
     <span class='ocr_line' id='line_1_7' title="bbox 361 1038 1944 1123; baseline 0.009 -32"><span class='ocrx_word' id='word_1_52' title='bbox 361 1038 625 1118; x_wconf 71' lang='lat' dir='ltr'>SEcTtol.¹d⁶¹¹¹</span> <span class='ocrx_word' id='word_1_53' title='bbox 645 1043 737 1100; x_wconf 87' lang='lat' dir='ltr'>mortis</span> <span class='ocrx_word' id='word_1_54' title='bbox 764 1040 968 1102; x_wconf 80' lang='lat' dir='ltr'>incrementum</span> <span class='ocrx_word' id='word_1_55' title='bbox 986 1045 1032 1102; x_wconf 86' lang='lat' dir='ltr'>vel</span> <span class='ocrx_word' id='word_1_56' title='bbox 1055 1047 1221 1108; x_wconf 85' lang='lat' dir='ltr'>decremen·</span> <span class='ocrx_word' id='word_1_57' title='bbox 1271 1043 1505 1123; x_wconf 66' lang='lat' dir='ltr'>proportionalisr</span> <span class='ocrx_word' id='word_1_58' title='bbox 1525 1061 1554 1100; x_wconf 91' lang='lat' dir='ltr'>tn</span> <span class='ocrx_word' id='word_1_59' title='bbox 1574 1044 1656 1102; x_wconf 70' lang='lat' dir='ltr'>terni</span> <span class='ocrx_word' id='word_1_60' title='bbox 1677 1059 1780 1122; x_wconf 84' lang='lat' dir='ltr'>parunt</span> <span class='ocrx_word' id='word_1_61' title='bbox 1795 1044 1944 1106; x_wconf 82' lang='lat' dir='ltr'>unlormis</span> 
     </span>
     <span class='ocr_line' id='line_1_8' title="bbox 548 1121 1943 1204; baseline 0.011 -29"><span class='ocrx_word' id='word_1_62' title='bbox 548 1133 609 1176; x_wconf 90' lang='lat' dir='ltr'>tunt</span> <span class='ocrx_word' id='word_1_63' title='bbox 640 1137 809 1200; x_wconf 73' lang='lat' dir='ltr'>generetur,</span> <span class='ocrx_word' id='word_1_64' title='bbox 838 1121 878 1182; x_wconf 83' lang='lat' dir='ltr'>ris</span> <span class='ocrx_word' id='word_1_65' title='bbox 900 1142 1035 1203; x_wconf 83' lang='lat' dir='ltr'>generans</span> <span class='ocrx_word' id='word_1_66' title='bbox 1065 1126 1150 1204; x_wconf 88' lang='lat' dir='ltr'>dupla</span> <span class='ocrx_word' id='word_1_67' title='bbox 1174 1141 1222 1188; x_wconf 89' lang='lat' dir='ltr'>aut</span> <span class='ocrx_word' id='word_1_68' title='bbox 1271 1123 1304 1184; x_wconf 78' lang='grc' dir='ltr'>δι</span> <span class='ocrx_word' id='word_1_69' title='bbox 1317 1123 1418 1203; x_wconf 79' lang='lat' dir='ltr'>partini</span> <span class='ocrx_word' id='word_1_70' title='bbox 1437 1141 1468 1183; x_wconf 92' lang='lat' dir='ltr'>ut</span> <span class='ocrx_word' id='word_1_71' title='bbox 1485 1122 1651 1200; x_wconf 82' lang='lat' dir='ltr'>quadratum</span> <span class='ocrx_word' id='word_1_72' title='bbox 1661 1121 1835 1190; x_wconf 80' lang='lat' dir='ltr'>uelocitatis,</span> <span class='ocrx_word' id='word_1_73' title='bbox 1855 1124 1888 1184; x_wconf 85' lang='lat'>&amp;</span> <span class='ocrx_word' id='word_1_74' title='bbox 1912 1121 1943 1184; x_wconf 73' lang='lat' dir='ltr'>in</span> 
     </span>
     <span class='ocr_line' id='line_1_9' title="bbox 546 1195 1944 1282; baseline 0.008 -28"><span class='ocrx_word' id='word_1_75' title='bbox 546 1195 629 1276; x_wconf 85' lang='lat' dir='ltr'>tripla</span> <span class='ocrx_word' id='word_1_76' title='bbox 640 1199 686 1260; x_wconf 81' lang='lat' dir='ltr'>esi.</span> <span class='ocrx_word' id='word_1_77' title='bbox 1268 1207 1366 1278; x_wconf 76' lang='lat' dir='ltr'>quant</span> <span class='ocrx_word' id='word_1_78' title='bbox 1375 1203 1495 1278; x_wconf 88' lang='lat' dir='ltr'>denique</span> <span class='ocrx_word' id='word_1_79' title='bbox 1512 1202 1614 1282; x_wconf 88' lang='lat' dir='ltr'>partim</span> <span class='ocrx_word' id='word_1_80' title='bbox 1624 1199 1782 1270; x_wconf 86' lang='lat' dir='ltr'>uniformis,</span> <span class='ocrx_word' id='word_1_81' title='bbox 1803 1201 1944 1280; x_wconf 80' lang='lat' dir='ltr'>partimur</span> 
     </span>
    </p>

    <p class='ocr_par' dir='ltr' id='par_1_4' title="bbox 544 1281 1947 1526">
     <span class='ocr_line' id='line_1_10' title="bbox 592 1281 1947 1366; baseline 0.003 -26"><span class='ocrx_word' id='word_1_82' title='bbox 592 1299 616 1351; x_wconf 80' lang='lat'>3·</span> <span class='ocrx_word' id='word_1_83' title='bbox 637 1282 710 1343; x_wconf 84' lang='lat' dir='ltr'>Hinc</span> <span class='ocrx_word' id='word_1_84' title='bbox 735 1281 798 1344; x_wconf 78' lang='lat' dir='ltr'>dard</span> <span class='ocrx_word' id='word_1_85' title='bbox 824 1285 947 1366; x_wconf 86' lang='lat' dir='ltr'>corporis</span> <span class='ocrx_word' id='word_1_86' title='bbox 966 1283 1052 1346; x_wconf 72' lang='lat' dir='ltr'>masii</span> <span class='ocrx_word' id='word_1_87' title='bbox 1063 1324 1075 1356; x_wconf 90' lang='lat'><em>,</em></span> <span class='ocrx_word' id='word_1_88' title='bbox 1096 1283 1221 1348; x_wconf 87' lang='lat' dir='ltr'>relislen·</span> <span class='ocrx_word' id='word_1_89' title='bbox 1269 1284 1420 1354; x_wconf 85' lang='lat' dir='ltr'>velocitas,</span> <span class='ocrx_word' id='word_1_90' title='bbox 1434 1285 1473 1362; x_wconf 74' lang='grc' dir='ltr'>Ιδι</span> <span class='ocrx_word' id='word_1_91' title='bbox 1492 1283 1593 1362; x_wconf 87' lang='lat' dir='ltr'>partim</span> <span class='ocrx_word' id='word_1_92' title='bbox 1613 1299 1643 1343; x_wconf 90' lang='lat' dir='ltr'>ut</span> <span class='ocrx_word' id='word_1_93' title='bbox 1655 1282 1808 1345; x_wconf 81' lang='lat' dir='ltr'>velocitatis</span> <span class='ocrx_word' id='word_1_94' title='bbox 1824 1284 1947 1360; x_wconf 85' lang='lat' dir='ltr'>quadra·</span> 
     </span>
     <span class='ocr_line' id='line_1_11' title="bbox 544 1355 1946 1443; baseline 0.007 -25"><span class='ocrx_word' id='word_1_95' title='bbox 544 1355 585 1418; x_wconf 86' lang='lat' dir='ltr'>tia</span> <span class='ocrx_word' id='word_1_96' title='bbox 598 1359 636 1421; x_wconf 83' lang='lat' dir='ltr'>ell</span> <span class='ocrx_word' id='word_1_97' title='bbox 654 1382 683 1422; x_wconf 90' lang='lat' dir='ltr'>ut</span> <span class='ocrx_word' id='word_1_98' title='bbox 699 1364 852 1424; x_wconf 82' lang='lat' dir='ltr'>vtlocitatis</span> <span class='ocrx_word' id='word_1_99' title='bbox 881 1369 1092 1426; x_wconf 78' lang='lat' dir='ltr'>decrementum</span> <span class='ocrx_word' id='word_1_100' title='bbox 1116 1367 1222 1430; x_wconf 74' lang='lat' dir='ltr'>direue</span> <span class='ocrx_word' id='word_1_101' title='bbox 1270 1378 1340 1438; x_wconf 61' lang='lat' dir='ltr'>eum·</span> <span class='ocrx_word' id='word_1_102' title='bbox 1360 1364 1501 1425; x_wconf 78' lang='lat' dir='ltr'>Psimaex</span> <span class='ocrx_word' id='word_1_103' title='bbox 1518 1361 1884 1443; x_wconf 81' lang='lat' dir='ltr'>hisquatuorhypothelihus</span> <span class='ocrx_word' id='word_1_104' title='bbox 1900 1362 1946 1428; x_wconf 84' lang='lat' dir='ltr'>ui-</span> 
     </span>
     <span class='ocr_line' id='line_1_12' title="bbox 550 1439 1947 1526; baseline 0.004 -26"><span class='ocrx_word' id='word_1_105' title='bbox 550 1439 582 1500; x_wconf 78' lang='lat'>&amp;</span> <span class='ocrx_word' id='word_1_106' title='bbox 602 1461 778 1502; x_wconf 77' lang='lat' dir='ltr'>momentum</span> <span class='ocrx_word' id='word_1_107' title='bbox 796 1465 884 1522; x_wconf 83' lang='lat' dir='ltr'>ternpt</span> <span class='ocrx_word' id='word_1_108' title='bbox 892 1446 929 1507; x_wconf 83' lang='lat' dir='ltr'>ris</span> <span class='ocrx_word' id='word_1_109' title='bbox 947 1445 1064 1510; x_wconf 72' lang='lat' dir='ltr'>inverse.</span> <span class='ocrx_word' id='word_1_110' title='bbox 1272 1444 1314 1504; x_wconf 91' lang='lat' dir='ltr'>hil</span> <span class='ocrx_word' id='word_1_111' title='bbox 1329 1446 1415 1504; x_wconf 87' lang='lat' dir='ltr'>habet</span> <span class='ocrx_word' id='word_1_112' title='bbox 1427 1443 1614 1526; x_wconf 74' lang='lat' dir='ltr'>dislicultatis,¹</span> <span class='ocrx_word' id='word_1_113' title='bbox 1631 1443 1699 1506; x_wconf 79' lang='lat' dir='ltr'>clm</span> <span class='ocrx_word' id='word_1_114' title='bbox 1712 1443 1857 1506; x_wconf 83' lang='lat' dir='ltr'>uuisottnis</span> <span class='ocrx_word' id='word_1_115' title='bbox 1877 1443 1947 1506; x_wconf 86' lang='lat' dir='ltr'>reli-</span> 
     </span>
    </p>

    <p class='ocr_par' dir='ltr' id='par_1_5' title="bbox 552 1523 1950 2092">
     <span class='ocr_line' id='line_1_13' title="bbox 593 1523 1946 1605; baseline 0 -16"><span class='ocrx_word' id='word_1_116' title='bbox 593 1540 623 1589; x_wconf 83' lang='lat'>4·</span> <span class='ocrx_word' id='word_1_117' title='bbox 663 1525 804 1595; x_wconf 73' lang='lat' dir='ltr'>Quoniam</span> <span class='ocrx_word' id='word_1_118' title='bbox 816 1525 935 1588; x_wconf 76' lang='lat' dir='ltr'>direelio</span> <span class='ocrx_word' id='word_1_119' title='bbox 943 1528 984 1586; x_wconf 85' lang='lat' dir='ltr'>vis</span> <span class='ocrx_word' id='word_1_120' title='bbox 997 1527 1152 1589; x_wconf 68' lang='lat' dir='ltr'>renitentia</span> <span class='ocrx_word' id='word_1_121' title='bbox 1159 1528 1224 1598; x_wconf 83' lang='lat' dir='ltr'>,di-</span> <span class='ocrx_word' id='word_1_122' title='bbox 1272 1525 1371 1586; x_wconf 86' lang='lat' dir='ltr'>sternia</span> <span class='ocrx_word' id='word_1_123' title='bbox 1393 1523 1557 1587; x_wconf 78' lang='lat' dir='ltr'>considerari</span> <span class='ocrx_word' id='word_1_124' title='bbox 1575 1525 1803 1603; x_wconf 73' lang='lat' dir='ltr'>poffit‘tanqttam</span> <span class='ocrx_word' id='word_1_125' title='bbox 1822 1525 1946 1605; x_wconf 79' lang='lat' dir='ltr'>gravitas</span> 
     </span>
     <span class='ocr_line' id='line_1_14' title="bbox 552 1601 1946 1689; baseline 0.004 -25"><span class='ocrx_word' id='word_1_126' title='bbox 552 1601 670 1665; x_wconf 75' lang='lat' dir='ltr'>redlioni</span> <span class='ocrx_word' id='word_1_127' title='bbox 694 1605 1030 1684; x_wconf 84' lang='lat' dir='ltr'>mobilircontrariaest(</span> <span class='ocrx_word' id='word_1_128' title='bbox 1045 1626 1057 1668; x_wconf 93' lang='lat' dir='ltr'>t</span> <span class='ocrx_word' id='word_1_129' title='bbox 1070 1612 1106 1682; x_wconf 89' lang='lat'>),</span> <span class='ocrx_word' id='word_1_130' title='bbox 1127 1629 1225 1689; x_wconf 87' lang='lat' dir='ltr'>corpus</span> <span class='ocrx_word' id='word_1_131' title='bbox 1271 1605 1395 1668; x_wconf 79' lang='lat' dir='ltr'>constans</span> <span class='ocrx_word' id='word_1_132' title='bbox 1419 1605 1486 1668; x_wconf 80' lang='lat' dir='ltr'>chtn</span> <span class='ocrx_word' id='word_1_133' title='bbox 1504 1622 1613 1668; x_wconf 78' lang='lat' dir='ltr'>motuni</span> <span class='ocrx_word' id='word_1_134' title='bbox 1632 1603 1803 1668; x_wconf 88' lang='lat' dir='ltr'>ascendentis</span> <span class='ocrx_word' id='word_1_135' title='bbox 1818 1607 1946 1682; x_wconf 84' lang='lat' dir='ltr'>corporis</span> 
     </span>
     <span class='ocr_line' id='line_1_15' title="bbox 554 1682 1949 1764; baseline 0.005 -22"><span class='ocrx_word' id='word_1_136' title='bbox 554 1682 612 1744; x_wconf 78' lang='lat' dir='ltr'>sole</span> <span class='ocrx_word' id='word_1_137' title='bbox 634 1684 661 1744; x_wconf 88' lang='lat' dir='ltr'>vi</span> <span class='ocrx_word' id='word_1_138' title='bbox 682 1683 760 1748; x_wconf 80' lang='lat' dir='ltr'>insnr</span> <span class='ocrx_word' id='word_1_139' title='bbox 771 1686 800 1746; x_wconf 90' lang='lat' dir='ltr'>in</span> <span class='ocrx_word' id='word_1_140' title='bbox 818 1688 916 1750; x_wconf 84' lang='lat' dir='ltr'>medio</span> <span class='ocrx_word' id='word_1_141' title='bbox 933 1689 1218 1760; x_wconf 81' lang='lat' dir='ltr'>refillententotutn,</span> <span class='ocrx_word' id='word_1_142' title='bbox 1271 1687 1414 1757; x_wconf 70' lang='lat' dir='ltr'>retardatr</span> <span class='ocrx_word' id='word_1_143' title='bbox 1433 1693 1489 1764; x_wconf 77' lang='lat' dir='ltr'>qud</span> <span class='ocrx_word' id='word_1_144' title='bbox 1505 1687 1541 1746; x_wconf 90' lang='lat' dir='ltr'>de</span> <span class='ocrx_word' id='word_1_145' title='bbox 1561 1706 1593 1747; x_wconf 85' lang='lat' dir='ltr'>re</span> <span class='ocrx_word' id='word_1_146' title='bbox 1607 1684 1670 1754; x_wconf 86' lang='lat' dir='ltr'>satis</span> <span class='ocrx_word' id='word_1_147' title='bbox 1689 1685 1832 1748; x_wconf 79' lang='lat' dir='ltr'>aunnelt</span> <span class='ocrx_word' id='word_1_148' title='bbox 1848 1689 1894 1748; x_wconf 80' lang='lat' dir='ltr'>lib.</span> <span class='ocrx_word' id='word_1_149' title='bbox 1918 1707 1949 1749; x_wconf 86' lang='lat' dir='ltr'>r.</span> 
     </span>
     <span class='ocr_line' id='line_1_16' title="bbox 554 1763 1947 1860; baseline 0.005 -37"><span class='ocrx_word' id='word_1_150' title='bbox 554 1783 605 1844; x_wconf 85' lang='lat' dir='ltr'>per</span> <span class='ocrx_word' id='word_1_151' title='bbox 624 1763 730 1825; x_wconf 77' lang='lat' dir='ltr'>sesiam</span> <span class='ocrx_word' id='word_1_152' title='bbox 747 1767 852 1829; x_wconf 83' lang='lat' dir='ltr'>lineam</span> <span class='ocrx_word' id='word_1_153' title='bbox 868 1767 1001 1834; x_wconf 79' lang='lat' dir='ltr'>continuo</span> <span class='ocrx_word' id='word_1_154' title='bbox 1022 1770 1129 1840; x_wconf 85' lang='lat' dir='ltr'>fertur,</span> <span class='ocrx_word' id='word_1_155' title='bbox 1148 1771 1225 1848; x_wconf 90' lang='lat' dir='ltr'>quod</span> <span class='ocrx_word' id='word_1_156' title='bbox 1271 1783 1326 1828; x_wconf 86' lang='lat' dir='ltr'>tres</span> <span class='ocrx_word' id='word_1_157' title='bbox 1356 1769 1426 1829; x_wconf 78' lang='lat' dir='ltr'>verd</span> <span class='ocrx_word' id='word_1_158' title='bbox 1445 1787 1507 1860; x_wconf 74' lang='lat' dir='ltr'>qua</span> <span class='ocrx_word' id='word_1_159' title='bbox 1527 1765 1673 1842; x_wconf 85' lang='lat' dir='ltr'>sequuntur</span> <span class='ocrx_word' id='word_1_160' title='bbox 1700 1765 1866 1847; x_wconf 81' lang='lat' dir='ltr'>hypotheses</span> <span class='ocrx_word' id='word_1_161' title='bbox 1888 1787 1947 1830; x_wconf 86' lang='lat' dir='ltr'>nou</span> 
     </span>
     <span class='ocr_line' id='line_1_17' title="bbox 556 1844 1947 1944; baseline 0.004 -40"><span class='ocrx_word' id='word_1_162' title='bbox 556 1844 643 1906; x_wconf 86' lang='lat' dir='ltr'>etiam</span> <span class='ocrx_word' id='word_1_163' title='bbox 668 1847 782 1908; x_wconf 84' lang='lat' dir='ltr'>evenire</span> <span class='ocrx_word' id='word_1_164' title='bbox 800 1851 905 1912; x_wconf 89' lang='lat' dir='ltr'>debere</span> <span class='ocrx_word' id='word_1_165' title='bbox 926 1851 1105 1912; x_wconf 73' lang='lat' dir='ltr'>mattilcslurn</span> <span class='ocrx_word' id='word_1_166' title='bbox 1128 1850 1225 1922; x_wconf 82' lang='lat' dir='ltr'>eh‚fi</span> <span class='ocrx_word' id='word_1_167' title='bbox 1272 1850 1347 1944; x_wconf 69' lang='lat' dir='ltr'>agre</span> <span class='ocrx_word' id='word_1_168' title='bbox 1363 1847 1462 1910; x_wconf 88' lang='lat' dir='ltr'>reserrt</span> <span class='ocrx_word' id='word_1_169' title='bbox 1487 1847 1649 1927; x_wconf 88' lang='lat' dir='ltr'>plerumque</span> <span class='ocrx_word' id='word_1_170' title='bbox 1668 1851 1772 1926; x_wconf 78' lang='lat' dir='ltr'>poll&#39;unt</span> <span class='ocrx_word' id='word_1_171' title='bbox 1793 1847 1829 1908; x_wconf 87' lang='lat' dir='ltr'>ad</span> <span class='ocrx_word' id='word_1_172' title='bbox 1850 1848 1947 1909; x_wconf 88' lang='lat' dir='ltr'>detet-</span> 
     </span>
     <span class='ocr_line' id='line_1_18' title="bbox 555 1927 1945 2008; baseline 0.004 -23"><span class='ocrx_word' id='word_1_173' title='bbox 555 1945 654 2002; x_wconf 87' lang='lat' dir='ltr'>eorpus</span> <span class='ocrx_word' id='word_1_174' title='bbox 673 1927 702 1989; x_wconf 85' lang='lat' dir='ltr'>ri</span> <span class='ocrx_word' id='word_1_175' title='bbox 721 1929 843 2006; x_wconf 76' lang='lat' dir='ltr'>quelibet</span> <span class='ocrx_word' id='word_1_176' title='bbox 861 1931 1054 1992; x_wconf 86' lang='lat' dir='ltr'>accelerattice</span> <span class='ocrx_word' id='word_1_177' title='bbox 1075 1932 1120 1993; x_wconf 87' lang='lat' dir='ltr'>vel</span> <span class='ocrx_word' id='word_1_178' title='bbox 1138 1947 1226 1994; x_wconf 85' lang='lat' dir='ltr'>tetar-</span> <span class='ocrx_word' id='word_1_179' title='bbox 1273 1927 1440 1992; x_wconf 79' lang='lat' dir='ltr'>minutiones</span> <span class='ocrx_word' id='word_1_180' title='bbox 1457 1947 1585 1992; x_wconf 81' lang='lat' dir='ltr'>motuum</span> <span class='ocrx_word' id='word_1_181' title='bbox 1596 1947 1663 2004; x_wconf 84' lang='lat' dir='ltr'>quas</span> <span class='ocrx_word' id='word_1_182' title='bbox 1682 1929 1743 1989; x_wconf 85' lang='lat' dir='ltr'>aliae</span> <span class='ocrx_word' id='word_1_183' title='bbox 1762 1927 1869 2008; x_wconf 82' lang='lat' dir='ltr'>priores</span> <span class='ocrx_word' id='word_1_184' title='bbox 1891 1929 1945 2008; x_wconf 84' lang='lat' dir='ltr'>hy-</span> 
     </span>
     <span class='ocr_line' id='line_1_19' title="bbox 555 2004 1950 2092; baseline 0.006 -28"><span class='ocrx_word' id='word_1_185' title='bbox 555 2004 681 2077; x_wconf 84' lang='lat' dir='ltr'>tlatrice,</span> <span class='ocrx_word' id='word_1_186' title='bbox 703 2011 851 2070; x_wconf 78' lang='lat' dir='ltr'>secundum</span> <span class='ocrx_word' id='word_1_187' title='bbox 870 2013 917 2072; x_wconf 87' lang='lat' dir='ltr'>vel</span> <span class='ocrx_word' id='word_1_188' title='bbox 934 2011 1227 2076; x_wconf 72' lang='lat' dir='ltr'>contradiresiionetn</span> <span class='ocrx_word' id='word_1_189' title='bbox 1275 2009 1403 2092; x_wconf 87' lang='lat' dir='ltr'>potheses</span> <span class='ocrx_word' id='word_1_190' title='bbox 1433 2014 1448 2084; x_wconf 89' lang='lat'><strong>(</strong></span> <span class='ocrx_word' id='word_1_191' title='bbox 1475 2010 1512 2070; x_wconf 91' lang='lat' dir='ltr'>de</span> <span class='ocrx_word' id='word_1_192' title='bbox 1541 2007 1638 2088; x_wconf 85' lang='lat' dir='ltr'>quibus</span> <span class='ocrx_word' id='word_1_193' title='bbox 1670 2010 1706 2069; x_wconf 88' lang='lat' dir='ltr'>ab</span> <span class='ocrx_word' id='word_1_194' title='bbox 1736 2008 1820 2071; x_wconf 90' lang='lat' dir='ltr'>initio</span> <span class='ocrx_word' id='word_1_195' title='bbox 1851 2010 1950 2072; x_wconf 73' lang='lat' dir='ltr'>renna</span> 
     </span>
    </p>
   </div>
   <div class='ocr_carea' id='block_1_4' title="bbox 435 1271 465 1316">
    <p class='ocr_par' dir='ltr' id='par_1_6' title="bbox 435 1271 465 1316">
     <span class='ocr_line' id='line_1_20' title="bbox 435 1271 465 1316; baseline 0.067 -2"><span class='ocrx_word' id='word_1_196' title='bbox 435 1271 465 1316; x_wconf 75' lang='lat'>2·</span> 
     </span>
    </p>
   </div>
   <div class='ocr_carea' id='block_1_5' title="bbox 556 2087 2044 2172">
    <p class='ocr_par' dir='ltr' id='par_1_7' title="bbox 556 2087 2044 2172">
     <span class='ocr_line' id='line_1_21' title="bbox 556 2087 2044 2172; baseline 0.006 -22"><span class='ocrx_word' id='word_1_197' title='bbox 556 2089 650 2150; x_wconf 78' lang='lat' dir='ltr'>notus</span> <span class='ocrx_word' id='word_1_198' title='bbox 668 2088 738 2148; x_wconf 85' lang='lat' dir='ltr'>insiti</span> <span class='ocrx_word' id='word_1_199' title='bbox 765 2110 895 2172; x_wconf 83' lang='lat' dir='ltr'>urgeatur</span> <span class='ocrx_word' id='word_1_200' title='bbox 1274 2091 1314 2152; x_wconf 83' lang='lat' dir='ltr'>cll</span> <span class='ocrx_word' id='word_1_201' title='bbox 1331 2097 1347 2168; x_wconf 93' lang='lat'>)</span> <span class='ocrx_word' id='word_1_202' title='bbox 1362 2091 1553 2172; x_wconf 79' lang='lat' dir='ltr'>suppeditant,</span> <span class='ocrx_word' id='word_1_203' title='bbox 1573 2087 1648 2168; x_wconf 84' lang='lat' dir='ltr'>quod</span> <span class='ocrx_word' id='word_1_204' title='bbox 1665 2089 1797 2170; x_wconf 78' lang='lat' dir='ltr'>deinceps</span> <span class='ocrx_word' id='word_1_205' title='bbox 1817 2089 1949 2158; x_wconf 76' lang='lat' dir='ltr'>ostende:</span> <span class='ocrx_word' id='word_1_206' title='bbox 2032 2096 2044 2117; x_wconf 63' lang='lat'>²</span> 
     </span>
    </p>
   </div>
   <div class='ocr_carea' id='block_1_6' title="bbox 416 2169 1961 4901">
    <p class='ocr_par' dir='ltr' id='par_1_8' title="bbox 416 2169 1961 4901">
     <span class='ocr_line' id='line_1_22' title="bbox 600 2169 1347 2252; baseline 0.004 -22"><span class='ocrx_word' id='word_1_207' title='bbox 600 2184 629 2236; x_wconf 88' lang='lat'>5.</span> <span class='ocrx_word' id='word_1_208' title='bbox 660 2169 819 2231; x_wconf 82' lang='lat' dir='ltr'>Resistentia</span> <span class='ocrx_word' id='word_1_209' title='bbox 850 2170 1015 2236; x_wconf 81' lang='lat' dir='ltr'>confiderari</span> <span class='ocrx_word' id='word_1_210' title='bbox 1045 2173 1132 2252; x_wconf 75' lang='lat' dir='ltr'>potest</span> <span class='ocrx_word' id='word_1_211' title='bbox 1168 2191 1230 2236; x_wconf 91' lang='lat' dir='ltr'>tan·</span> <span class='ocrx_word' id='word_1_212' title='bbox 1274 2191 1347 2234; x_wconf 85' lang='lat' dir='ltr'>rnns.</span> 
     </span>
     <span class='ocr_line' id='line_1_23' title="bbox 556 2249 1948 2336; baseline 0.006 -26"><span class='ocrx_word' id='word_1_213' title='bbox 556 2268 640 2328; x_wconf 85' lang='lat' dir='ltr'>quarn</span> <span class='ocrx_word' id='word_1_214' title='bbox 656 2249 697 2312; x_wconf 87' lang='lat' dir='ltr'>vis</span> <span class='ocrx_word' id='word_1_215' title='bbox 718 2253 869 2325; x_wconf 77' lang='lat' dir='ltr'>retardans,</span> <span class='ocrx_word' id='word_1_216' title='bbox 889 2257 920 2316; x_wconf 79' lang='grc' dir='ltr'>ὅ(</span> <span class='ocrx_word' id='word_1_217' title='bbox 944 2275 1010 2316; x_wconf 88' lang='lat' dir='ltr'>curn</span> <span class='ocrx_word' id='word_1_218' title='bbox 1027 2255 1055 2316; x_wconf 87' lang='lat' dir='ltr'>vi</span> <span class='ocrx_word' id='word_1_219' title='bbox 1074 2254 1230 2336; x_wconf 80' lang='lat' dir='ltr'>gravitatis,</span> <span class='ocrx_word' id='word_1_220' title='bbox 1318 2259 1345 2313; x_wconf 76' lang='lat'>8.</span> <span class='ocrx_word' id='word_1_221' title='bbox 1365 2251 1397 2312; x_wconf 81' lang='lat' dir='ltr'>Si</span> <span class='ocrx_word' id='word_1_222' title='bbox 1419 2250 1548 2314; x_wconf 82' lang='lat' dir='ltr'>medium</span> <span class='ocrx_word' id='word_1_223' title='bbox 1564 2249 1595 2312; x_wconf 91' lang='lat' dir='ltr'>in</span> <span class='ocrx_word' id='word_1_224' title='bbox 1617 2270 1675 2328; x_wconf 92' lang='lat' dir='ltr'>quo</span> <span class='ocrx_word' id='word_1_225' title='bbox 1697 2268 1797 2331; x_wconf 81' lang='lat' dir='ltr'>corpus</span> <span class='ocrx_word' id='word_1_226' title='bbox 1816 2269 1948 2320; x_wconf 77' lang='lat' dir='ltr'>movetur</span> 
     </span>
     <span class='ocr_line' id='line_1_24' title="bbox 557 2331 1949 2415; baseline 0.004 -23"><span class='ocrx_word' id='word_1_227' title='bbox 557 2335 612 2409; x_wconf 76' lang='lat' dir='ltr'>qud</span> <span class='ocrx_word' id='word_1_228' title='bbox 639 2352 789 2409; x_wconf 85' lang='lat' dir='ltr'>corporum</span> <span class='ocrx_word' id='word_1_229' title='bbox 812 2335 1019 2396; x_wconf 80' lang='lat' dir='ltr'>ascendentium</span> <span class='ocrx_word' id='word_1_230' title='bbox 1047 2355 1138 2398; x_wconf 88' lang='lat' dir='ltr'>motus</span> <span class='ocrx_word' id='word_1_231' title='bbox 1164 2356 1229 2415; x_wconf 91' lang='lat' dir='ltr'>per·</span> <span class='ocrx_word' id='word_1_232' title='bbox 1276 2333 1400 2412; x_wconf 77' lang='lat' dir='ltr'>persesid</span> <span class='ocrx_word' id='word_1_233' title='bbox 1417 2333 1533 2394; x_wconf 80' lang='lat' dir='ltr'>fluidum</span> <span class='ocrx_word' id='word_1_234' title='bbox 1551 2331 1603 2404; x_wconf 89' lang='lat' dir='ltr'>srr,</span> <span class='ocrx_word' id='word_1_235' title='bbox 1622 2331 1949 2412; x_wconf 86' lang='lat' dir='ltr'>hocell‚partibuscon-.</span> 
     </span>
     <span class='ocr_line' id='line_1_25' title="bbox 559 2410 1949 2494; baseline 0.004 -24"><span class='ocrx_word' id='word_1_236' title='bbox 559 2410 644 2492; x_wconf 77' lang='lat' dir='ltr'>petuo</span> <span class='ocrx_word' id='word_1_237' title='bbox 663 2413 808 2484; x_wconf 87' lang='lat' dir='ltr'>minuitur,</span> <span class='ocrx_word' id='word_1_238' title='bbox 831 2415 962 2477; x_wconf 82' lang='lat' dir='ltr'>conserti.</span> <span class='ocrx_word' id='word_1_239' title='bbox 1003 2415 1056 2475; x_wconf 89' lang='lat' dir='ltr'>Vis</span> <span class='ocrx_word' id='word_1_240' title='bbox 1067 2417 1228 2479; x_wconf 86' lang='lat' dir='ltr'>enirn&#39;resi·</span> <span class='ocrx_word' id='word_1_241' title='bbox 1276 2413 1327 2475; x_wconf 90' lang='lat' dir='ltr'>slet</span> <span class='ocrx_word' id='word_1_242' title='bbox 1352 2413 1460 2494; x_wconf 74' lang='lat' dir='ltr'>optime</span> <span class='ocrx_word' id='word_1_243' title='bbox 1490 2413 1625 2494; x_wconf 70' lang='lat' dir='ltr'>levigatis</span> <span class='ocrx_word' id='word_1_244' title='bbox 1647 2414 1774 2489; x_wconf 77' lang='lat' dir='ltr'>nullique</span> <span class='ocrx_word' id='word_1_245' title='bbox 1799 2415 1949 2476; x_wconf 78' lang='lat' dir='ltr'>temcitate</span> 
     </span>
     <span class='ocr_line' id='line_1_26' title="bbox 559 2492 1948 2576; baseline 0.002 -22"><span class='ocrx_word' id='word_1_246' title='bbox 559 2492 663 2554; x_wconf 83' lang='lat' dir='ltr'>slentiae</span> <span class='ocrx_word' id='word_1_247' title='bbox 680 2493 746 2554; x_wconf 83' lang='lat' dir='ltr'>snut</span> <span class='ocrx_word' id='word_1_248' title='bbox 762 2494 1228 2576; x_wconf 74' lang='lat' dir='ltr'>risgravitatisinhniteparvaesl,</span> <span class='ocrx_word' id='word_1_249' title='bbox 1276 2494 1477 2559; x_wconf 67' lang='lat' dir='ltr'>coherentibus</span> <span class='ocrx_word' id='word_1_250' title='bbox 1487 2531 1499 2566; x_wconf 89' lang='lat'><em>,</em></span> <span class='ocrx_word' id='word_1_251' title='bbox 1518 2513 1578 2572; x_wconf 85' lang='lat' dir='ltr'>quae</span> <span class='ocrx_word' id='word_1_252' title='bbox 1599 2494 1716 2574; x_wconf 71' lang='lat' dir='ltr'>proinde</span> <span class='ocrx_word' id='word_1_253' title='bbox 1734 2495 1762 2555; x_wconf 86' lang='lat' dir='ltr'>vi</span> <span class='ocrx_word' id='word_1_254' title='bbox 1783 2493 1948 2572; x_wconf 83' lang='lat' dir='ltr'>cuicumque</span> 
     </span>
     <span class='ocr_line' id='line_1_27' title="bbox 556 2571 1949 2660; baseline 0.004 -27"><span class='ocrx_word' id='word_1_255' title='bbox 556 2571 758 2636; x_wconf 80' lang='lat' dir='ltr'>hconseratur</span> <span class='ocrx_word' id='word_1_256' title='bbox 776 2595 840 2636; x_wconf 88' lang='lat' dir='ltr'>curn</span> <span class='ocrx_word' id='word_1_257' title='bbox 858 2577 886 2636; x_wconf 88' lang='lat' dir='ltr'>vi</span> <span class='ocrx_word' id='word_1_258' title='bbox 906 2577 955 2640; x_wconf 76' lang='lat' dir='ltr'>illa</span> <span class='ocrx_word' id='word_1_259' title='bbox 972 2583 1025 2654; x_wconf 77' lang='lat' dir='ltr'>qud</span> <span class='ocrx_word' id='word_1_260' title='bbox 1047 2597 1147 2660; x_wconf 88' lang='lat' dir='ltr'>corpus</span> <span class='ocrx_word' id='word_1_261' title='bbox 1161 2599 1226 2642; x_wconf 88' lang='lat' dir='ltr'>mo-</span> <span class='ocrx_word' id='word_1_262' title='bbox 1273 2575 1359 2638; x_wconf 79' lang='lat' dir='ltr'>illatae</span> <span class='ocrx_word' id='word_1_263' title='bbox 1384 2578 1502 2646; x_wconf 86' lang='lat' dir='ltr'>cedant,</span> <span class='ocrx_word' id='word_1_264' title='bbox 1531 2579 1563 2638; x_wconf 73' lang='grc' dir='ltr'>δι</span> <span class='ocrx_word' id='word_1_265' title='bbox 1586 2575 1713 2638; x_wconf 89' lang='lat' dir='ltr'>cedendo</span> <span class='ocrx_word' id='word_1_266' title='bbox 1730 2573 1865 2638; x_wconf 73' lang='lat' dir='ltr'>saullimd</span> <span class='ocrx_word' id='word_1_267' title='bbox 1882 2597 1949 2640; x_wconf 89' lang='lat' dir='ltr'>mo-</span> 
     </span>
     <span class='ocr_line' id='line_1_28' title="bbox 556 2653 1952 2734; baseline 0.002 -18"><span class='ocrx_word' id='word_1_268' title='bbox 556 2670 587 2716; x_wconf 82' lang='lat' dir='ltr'>tu</span> <span class='ocrx_word' id='word_1_269' title='bbox 605 2653 686 2716; x_wconf 87' lang='lat' dir='ltr'>finito</span> <span class='ocrx_word' id='word_1_270' title='bbox 701 2655 813 2724; x_wconf 87' lang='lat' dir='ltr'>cietur,</span> <span class='ocrx_word' id='word_1_271' title='bbox 844 2657 890 2716; x_wconf 84' lang='lat' dir='ltr'>seu</span> <span class='ocrx_word' id='word_1_272' title='bbox 910 2665 963 2734; x_wconf 71' lang='lat' dir='ltr'>qud</span> <span class='ocrx_word' id='word_1_273' title='bbox 979 2657 1097 2733; x_wconf 84' lang='lat' dir='ltr'>spatiunr</span> <span class='ocrx_word' id='word_1_274' title='bbox 1117 2659 1227 2722; x_wconf 82' lang='lat' dir='ltr'>finitum</span> <span class='ocrx_word' id='word_1_275' title='bbox 1274 2677 1391 2720; x_wconf 82' lang='lat' dir='ltr'>veantur</span> <span class='ocrx_word' id='word_1_276' title='bbox 1409 2657 1481 2718; x_wconf 88' lang='lat' dir='ltr'>inter</span> <span class='ocrx_word' id='word_1_277' title='bbox 1499 2655 1547 2728; x_wconf 88' lang='lat' dir='ltr'>se,</span> <span class='ocrx_word' id='word_1_278' title='bbox 1567 2655 1624 2718; x_wconf 92' lang='lat' dir='ltr'>sola</span> <span class='ocrx_word' id='word_1_279' title='bbox 1642 2677 1675 2718; x_wconf 85' lang='lat' dir='ltr'>ea</span> <span class='ocrx_word' id='word_1_280' title='bbox 1694 2655 1888 2720; x_wconf 81' lang='lat' dir='ltr'>consideranda</span> <span class='ocrx_word' id='word_1_281' title='bbox 1909 2657 1952 2719; x_wconf 78' lang='lat' dir='ltr'>est</span> 
     </span>
     <span class='ocr_line' id='line_1_29' title="bbox 554 2733 1950 2815; baseline 0.005 -22"><span class='ocrx_word' id='word_1_282' title='bbox 554 2733 636 2795; x_wconf 82' lang='lat' dir='ltr'>finito</span> <span class='ocrx_word' id='word_1_283' title='bbox 651 2750 778 2814; x_wconf 88' lang='lat' dir='ltr'>tempore</span> <span class='ocrx_word' id='word_1_284' title='bbox 796 2735 937 2798; x_wconf 79' lang='lat' dir='ltr'>describit.</span> <span class='ocrx_word' id='word_1_285' title='bbox 978 2739 1085 2800; x_wconf 88' lang='lat' dir='ltr'>Nantst</span> <span class='ocrx_word' id='word_1_286' title='bbox 1103 2739 1228 2800; x_wconf 80' lang='lat' dir='ltr'>resilien·</span> <span class='ocrx_word' id='word_1_287' title='bbox 1275 2737 1424 2800; x_wconf 84' lang='lat' dir='ltr'>resrllentia</span> <span class='ocrx_word' id='word_1_288' title='bbox 1449 2757 1511 2815; x_wconf 77' lang='lat' dir='ltr'>quae</span> <span class='ocrx_word' id='word_1_289' title='bbox 1531 2756 1565 2797; x_wconf 88' lang='lat' dir='ltr'>ex</span> <span class='ocrx_word' id='word_1_290' title='bbox 1582 2737 1670 2798; x_wconf 89' lang='lat' dir='ltr'>medii</span> <span class='ocrx_word' id='word_1_291' title='bbox 1690 2737 1832 2799; x_wconf 77' lang='lat' dir='ltr'>reaslione</span> <span class='ocrx_word' id='word_1_292' title='bbox 1854 2757 1950 2800; x_wconf 81' lang='lat' dir='ltr'>ortum</span> 
     </span>
     <span class='ocr_line' id='line_1_30' title="bbox 437 2813 1953 2900; baseline 0.004 -24"><span class='ocrx_word' id='word_1_293' title='bbox 437 2891 441 2898; x_wconf 26' lang='grc' dir='ltr'>ι</span> <span class='ocrx_word' id='word_1_294' title='bbox 556 2813 603 2877; x_wconf 82' lang='lat' dir='ltr'>tiae</span> <span class='ocrx_word' id='word_1_295' title='bbox 620 2833 704 2891; x_wconf 80' lang='lat' dir='ltr'>quam</span> <span class='ocrx_word' id='word_1_296' title='bbox 724 2816 802 2878; x_wconf 85' lang='lat' dir='ltr'>omni</span> <span class='ocrx_word' id='word_1_297' title='bbox 828 2819 963 2898; x_wconf 84' lang='lat' dir='ltr'>temporis</span> <span class='ocrx_word' id='word_1_298' title='bbox 985 2837 1132 2883; x_wconf 86' lang='lat' dir='ltr'>momento</span> <span class='ocrx_word' id='word_1_299' title='bbox 1154 2820 1227 2900; x_wconf 89' lang='lat' dir='ltr'>patl-</span> <span class='ocrx_word' id='word_1_300' title='bbox 1276 2818 1371 2888; x_wconf 87' lang='lat' dir='ltr'>ducit,</span> <span class='ocrx_word' id='word_1_301' title='bbox 1391 2818 1482 2896; x_wconf 89' lang='lat' dir='ltr'>estque</span> <span class='ocrx_word' id='word_1_302' title='bbox 1497 2819 1547 2878; x_wconf 89' lang='lat' dir='ltr'>illa</span> <span class='ocrx_word' id='word_1_303' title='bbox 1559 2837 1589 2880; x_wconf 89' lang='grc' dir='ltr'>ιιι</span> <span class='ocrx_word' id='word_1_304' title='bbox 1605 2817 1721 2880; x_wconf 80' lang='lat' dir='ltr'>densras</span> <span class='ocrx_word' id='word_1_305' title='bbox 1738 2817 1868 2882; x_wconf 86' lang='lat' dir='ltr'>medii&amp;</span> <span class='ocrx_word' id='word_1_306' title='bbox 1881 2839 1953 2896; x_wconf 87' lang='lat' dir='ltr'>qua·</span> 
     </span>
     <span class='ocr_line' id='line_1_31' title="bbox 556 2897 1952 2980; baseline 0.004 -24"><span class='ocrx_word' id='word_1_307' title='bbox 556 2912 602 2956; x_wconf 88' lang='lat' dir='ltr'>tur</span> <span class='ocrx_word' id='word_1_308' title='bbox 620 2916 717 2973; x_wconf 88' lang='lat' dir='ltr'>corpus</span> <span class='ocrx_word' id='word_1_309' title='bbox 729 2935 739 2966; x_wconf 90' lang='lat'><em>‚</em></span> <span class='ocrx_word' id='word_1_310' title='bbox 761 2898 801 2970; x_wconf 80' lang='lat' dir='ltr'>vit</span> <span class='ocrx_word' id='word_1_311' title='bbox 824 2900 887 2958; x_wconf 88' lang='lat' dir='ltr'>esset</span> <span class='ocrx_word' id='word_1_312' title='bbox 905 2899 986 2962; x_wconf 87' lang='lat' dir='ltr'>linita</span> <span class='ocrx_word' id='word_1_313' title='bbox 996 2937 1008 2972; x_wconf 86' lang='lat'><em>,</em></span> <span class='ocrx_word' id='word_1_314' title='bbox 1028 2897 1085 2962; x_wconf 81' lang='lat' dir='ltr'>five</span> <span class='ocrx_word' id='word_1_315' title='bbox 1106 2901 1228 2980; x_wconf 72' lang='lat' dir='ltr'>ejusdern</span> <span class='ocrx_word' id='word_1_316' title='bbox 1278 2899 1389 2960; x_wconf 87' lang='lat' dir='ltr'>dratunr</span> <span class='ocrx_word' id='word_1_317' title='bbox 1415 2897 1571 2962; x_wconf 86' lang='lat' dir='ltr'>velocitatis</span> <span class='ocrx_word' id='word_1_318' title='bbox 1599 2899 1713 2962; x_wconf 87' lang='lat' dir='ltr'>mobilis</span> <span class='ocrx_word' id='word_1_319' title='bbox 1744 2899 1804 2960; x_wconf 85' lang='lat' dir='ltr'>dati</span> <span class='ocrx_word' id='word_1_320' title='bbox 1837 2902 1952 2978; x_wconf 84' lang='lat' dir='ltr'>conjun-</span> 
     </span>
     <span class='ocr_line' id='line_1_32' title="bbox 554 2977 1953 3066; baseline 0.007 -32"><span class='ocrx_word' id='word_1_321' title='bbox 554 2977 666 3058; x_wconf 76' lang='lat' dir='ltr'>geretis</span> <span class='ocrx_word' id='word_1_322' title='bbox 695 2995 759 3039; x_wconf 89' lang='lat' dir='ltr'>cutn</span> <span class='ocrx_word' id='word_1_323' title='bbox 779 2977 807 3039; x_wconf 85' lang='lat' dir='ltr'>vi</span> <span class='ocrx_word' id='word_1_324' title='bbox 829 2977 906 3042; x_wconf 76' lang='lat' dir='ltr'>finita</span> <span class='ocrx_word' id='word_1_325' title='bbox 925 2980 1049 3058; x_wconf 82' lang='lat' dir='ltr'>corporis</span> <span class='ocrx_word' id='word_1_326' title='bbox 1070 2999 1149 3042; x_wconf 85' lang='lat' dir='ltr'>motu</span> <span class='ocrx_word' id='word_1_327' title='bbox 1168 2982 1231 3040; x_wconf 88' lang='lat' dir='ltr'>lini·</span> <span class='ocrx_word' id='word_1_328' title='bbox 1279 2981 1358 3040; x_wconf 70' lang='lat' dir='ltr'>siim.</span> <span class='ocrx_word' id='word_1_329' title='bbox 1398 2983 1466 3040; x_wconf 81' lang='lat' dir='ltr'>llaec</span> <span class='ocrx_word' id='word_1_330' title='bbox 1496 2981 1572 3042; x_wconf 79' lang='lat' dir='ltr'>eninr</span> <span class='ocrx_word' id='word_1_331' title='bbox 1589 2980 1737 3042; x_wconf 72' lang='lat' dir='ltr'>renitentia</span> <span class='ocrx_word' id='word_1_332' title='bbox 1762 2989 1777 3056; x_wconf 91' lang='lat'>(</span> <span class='ocrx_word' id='word_1_333' title='bbox 1800 2999 1847 3066; x_wconf 77' lang='lat' dir='ltr'>per</span> <span class='ocrx_word' id='word_1_334' title='bbox 1867 2981 1953 3044; x_wconf 73' lang='lat' dir='ltr'>mnus</span> 
     </span>
     <span class='ocr_line' id='line_1_33' title="bbox 557 3057 1953 3142; baseline 0.004 -24"><span class='ocrx_word' id='word_1_335' title='bbox 557 3075 588 3118; x_wconf 91' lang='lat' dir='ltr'>to</span> <span class='ocrx_word' id='word_1_336' title='bbox 606 3058 661 3117; x_wconf 78' lang='lat' dir='ltr'>atti</span> <span class='ocrx_word' id='word_1_337' title='bbox 682 3095 693 3128; x_wconf 90' lang='lat'><em>,</em></span> <span class='ocrx_word' id='word_1_338' title='bbox 723 3057 830 3119; x_wconf 83' lang='lat' dir='ltr'>infinita</span> <span class='ocrx_word' id='word_1_339' title='bbox 849 3059 1002 3123; x_wconf 85' lang='lat' dir='ltr'>multitudo</span> <span class='ocrx_word' id='word_1_340' title='bbox 1018 3058 1232 3122; x_wconf 81' lang='lat' dir='ltr'>refillentiarum</span> <span class='ocrx_word' id='word_1_341' title='bbox 1280 3065 1334 3142; x_wconf 81' lang='lat' dir='ltr'>leg.</span> <span class='ocrx_word' id='word_1_342' title='bbox 1347 3083 1374 3120; x_wconf 76' lang='grc' dir='ltr'>ι.</span> <span class='ocrx_word' id='word_1_343' title='bbox 1393 3058 1430 3124; x_wconf 72' lang='lat' dir='ltr'>o</span> <span class='ocrx_word' id='word_1_344' title='bbox 1450 3081 1476 3134; x_wconf 87' lang='lat'>3.</span> <span class='ocrx_word' id='word_1_345' title='bbox 1499 3062 1546 3122; x_wconf 85' lang='lat' dir='ltr'>lib.</span> <span class='ocrx_word' id='word_1_346' title='bbox 1564 3065 1623 3136; x_wconf 87' lang='grc' dir='ltr'>ι.)</span> <span class='ocrx_word' id='word_1_347' title='bbox 1642 3060 1683 3120; x_wconf 87' lang='lat' dir='ltr'>est</span> <span class='ocrx_word' id='word_1_348' title='bbox 1699 3081 1727 3121; x_wconf 87' lang='lat' dir='ltr'>ut</span> <span class='ocrx_word' id='word_1_349' title='bbox 1742 3063 1877 3136; x_wconf 80' lang='lat' dir='ltr'>quantitas</span> <span class='ocrx_word' id='word_1_350' title='bbox 1888 3083 1953 3125; x_wconf 85' lang='lat' dir='ltr'>mu-</span> 
     </span>
     <span class='ocr_line' id='line_1_34' title="bbox 556 3139 1953 3222; baseline 0.002 -24"><span class='ocrx_word' id='word_1_351' title='bbox 556 3156 817 3200; x_wconf 75' lang='lat' dir='ltr'>momentanearum</span> <span class='ocrx_word' id='word_1_352' title='bbox 833 3139 914 3202; x_wconf 89' lang='lat' dir='ltr'>linito</span> <span class='ocrx_word' id='word_1_353' title='bbox 923 3140 1020 3217; x_wconf 86' lang='lat' dir='ltr'>quovis</span> <span class='ocrx_word' id='word_1_354' title='bbox 1030 3158 1158 3217; x_wconf 86' lang='lat' dir='ltr'>tempore</span> <span class='ocrx_word' id='word_1_355' title='bbox 1167 3163 1231 3222; x_wconf 73' lang='lat' dir='ltr'>pro</span> <span class='ocrx_word' id='word_1_356' title='bbox 1279 3146 1322 3202; x_wconf 82' lang='lat' dir='ltr'>tr&#39;ts</span> <span class='ocrx_word' id='word_1_357' title='bbox 1338 3142 1405 3202; x_wconf 90' lang='lat' dir='ltr'>dato</span> <span class='ocrx_word' id='word_1_358' title='bbox 1415 3142 1585 3221; x_wconf 74' lang='lat' dir='ltr'>tempuscula</span> <span class='ocrx_word' id='word_1_359' title='bbox 1602 3141 1821 3212; x_wconf 76' lang='lat' dir='ltr'>communiceti5</span> <span class='ocrx_word' id='word_1_360' title='bbox 1843 3142 1890 3202; x_wconf 86' lang='lat' dir='ltr'>ted</span> <span class='ocrx_word' id='word_1_361' title='bbox 1902 3143 1953 3203; x_wconf 88' lang='lat' dir='ltr'>da-</span> 
     </span>
     <span class='ocr_line' id='line_1_35' title="bbox 558 3219 1955 3300; baseline 0.004 -23"><span class='ocrx_word' id='word_1_362' title='bbox 558 3219 664 3288; x_wconf 74' lang='lat' dir='ltr'>dusia,</span> <span class='ocrx_word' id='word_1_363' title='bbox 692 3235 780 3280; x_wconf 83' lang='lat' dir='ltr'>toturn</span> <span class='ocrx_word' id='word_1_364' title='bbox 796 3221 920 3298; x_wconf 82' lang='lat' dir='ltr'>corporis</span> <span class='ocrx_word' id='word_1_365' title='bbox 942 3239 1052 3282; x_wconf 83' lang='lat' dir='ltr'>motum</span> <span class='ocrx_word' id='word_1_366' title='bbox 1068 3220 1149 3286; x_wconf 85' lang='lat' dir='ltr'>sinito</span> <span class='ocrx_word' id='word_1_367' title='bbox 1166 3243 1233 3300; x_wconf 91' lang='lat' dir='ltr'>quo·</span> <span class='ocrx_word' id='word_1_368' title='bbox 1280 3230 1310 3284; x_wconf 73' lang='lat' dir='ltr'>ta</span> <span class='ocrx_word' id='word_1_369' title='bbox 1334 3222 1448 3282; x_wconf 85' lang='lat' dir='ltr'>mobilis</span> <span class='ocrx_word' id='word_1_370' title='bbox 1477 3221 1658 3292; x_wconf 76' lang='lat' dir='ltr'>velocitate,</span> <span class='ocrx_word' id='word_1_371' title='bbox 1689 3222 1823 3300; x_wconf 86' lang='lat' dir='ltr'>quantitas</span> <span class='ocrx_word' id='word_1_372' title='bbox 1859 3225 1955 3283; x_wconf 87' lang='lat' dir='ltr'>mottls</span> 
     </span>
     <span class='ocr_line' id='line_1_36' title="bbox 559 3299 1953 3385; baseline 0.002 -26"><span class='ocrx_word' id='word_1_373' title='bbox 559 3299 631 3361; x_wconf 88' lang='lat' dir='ltr'>libet</span> <span class='ocrx_word' id='word_1_374' title='bbox 651 3299 753 3380; x_wconf 80' lang='lat' dir='ltr'>exiguo</span> <span class='ocrx_word' id='word_1_375' title='bbox 781 3321 909 3378; x_wconf 84' lang='lat' dir='ltr'>tempore</span> <span class='ocrx_word' id='word_1_376' title='bbox 926 3301 1128 3385; x_wconf 80' lang='lat' dir='ltr'>extingueret,</span> <span class='ocrx_word' id='word_1_377' title='bbox 1159 3302 1235 3380; x_wconf 85' lang='lat' dir='ltr'>quod</span> <span class='ocrx_word' id='word_1_378' title='bbox 1282 3301 1481 3364; x_wconf 86' lang='lat' dir='ltr'>communicati</span> <span class='ocrx_word' id='word_1_379' title='bbox 1508 3303 1547 3365; x_wconf 86' lang='lat' dir='ltr'>ell</span> <span class='ocrx_word' id='word_1_380' title='bbox 1568 3320 1597 3363; x_wconf 92' lang='lat' dir='ltr'>ut</span> <span class='ocrx_word' id='word_1_381' title='bbox 1618 3305 1753 3380; x_wconf 84' lang='lat' dir='ltr'>quantitas</span> <span class='ocrx_word' id='word_1_382' title='bbox 1771 3302 1849 3364; x_wconf 88' lang='lat' dir='ltr'>fluidi</span> <span class='ocrx_word' id='word_1_383' title='bbox 1879 3321 1953 3362; x_wconf 88' lang='lat' dir='ltr'>rem-</span> 
     </span>
     <span class='ocr_line' id='line_1_37' title="bbox 562 3379 1954 3464; baseline 0.003 -25"><span class='ocrx_word' id='word_1_384' title='bbox 562 3379 601 3440; x_wconf 80' lang='lat' dir='ltr'>eh</span> <span class='ocrx_word' id='word_1_385' title='bbox 620 3400 716 3442; x_wconf 85' lang='lat' dir='ltr'>contra</span> <span class='ocrx_word' id='word_1_386' title='bbox 731 3383 798 3462; x_wconf 87' lang='lat' dir='ltr'>hyp.</span> <span class='ocrx_word' id='word_1_387' title='bbox 808 3421 819 3450; x_wconf 90' lang='lat'><em>‚</em></span> <span class='ocrx_word' id='word_1_388' title='bbox 838 3388 893 3459; x_wconf 75' lang='lat' dir='ltr'>qud</span> <span class='ocrx_word' id='word_1_389' title='bbox 917 3381 1093 3462; x_wconf 85' lang='lat' dir='ltr'>supponimus</span> <span class='ocrx_word' id='word_1_390' title='bbox 1109 3381 1237 3464; x_wconf 83' lang='lat' dir='ltr'>corporis</span> <span class='ocrx_word' id='word_1_391' title='bbox 1283 3383 1396 3464; x_wconf 86' lang='lat' dir='ltr'>pusculo</span> <span class='ocrx_word' id='word_1_392' title='bbox 1409 3384 1475 3446; x_wconf 88' lang='lat' dir='ltr'>dato</span> <span class='ocrx_word' id='word_1_393' title='bbox 1491 3385 1651 3455; x_wconf 83' lang='lat' dir='ltr'>movenda,</span> <span class='ocrx_word' id='word_1_394' title='bbox 1672 3382 1794 3454; x_wconf 86' lang='lat' dir='ltr'>hocesl,</span> <span class='ocrx_word' id='word_1_395' title='bbox 1814 3401 1843 3443; x_wconf 87' lang='lat' dir='ltr'>ut</span> <span class='ocrx_word' id='word_1_396' title='bbox 1863 3379 1954 3443; x_wconf 78' lang='lat' dir='ltr'>dens·</span> 
     </span>
     <span class='ocr_line' id='line_1_38' title="bbox 559 3460 1954 3541; baseline -0.001 -19"><span class='ocrx_word' id='word_1_397' title='bbox 559 3479 672 3522; x_wconf 88' lang='lat' dir='ltr'>tnotutn</span> <span class='ocrx_word' id='word_1_398' title='bbox 698 3481 826 3540; x_wconf 88' lang='lat' dir='ltr'>tempore</span> <span class='ocrx_word' id='word_1_399' title='bbox 853 3464 948 3541; x_wconf 87' lang='lat' dir='ltr'>aliquo</span> <span class='ocrx_word' id='word_1_400' title='bbox 971 3463 1052 3527; x_wconf 84' lang='lat' dir='ltr'>finito</span> <span class='ocrx_word' id='word_1_401' title='bbox 1076 3463 1109 3525; x_wconf 92' lang='lat' dir='ltr'>in</span> <span class='ocrx_word' id='word_1_402' title='bbox 1137 3463 1235 3528; x_wconf 89' lang='lat' dir='ltr'>medio</span> <span class='ocrx_word' id='word_1_403' title='bbox 1283 3480 1323 3524; x_wconf 88' lang='lat' dir='ltr'>tas</span> <span class='ocrx_word' id='word_1_404' title='bbox 1341 3464 1459 3536; x_wconf 80' lang='lat' dir='ltr'>medii3</span> <span class='ocrx_word' id='word_1_405' title='bbox 1488 3466 1552 3528; x_wconf 75' lang='lat' dir='ltr'>dard</span> <span class='ocrx_word' id='word_1_406' title='bbox 1571 3485 1664 3526; x_wconf 85' lang='lat' dir='ltr'>aurem</span> <span class='ocrx_word' id='word_1_407' title='bbox 1684 3463 1772 3525; x_wconf 86' lang='lat' dir='ltr'>medii</span> <span class='ocrx_word' id='word_1_408' title='bbox 1789 3460 1954 3536; x_wconf 85' lang='lat' dir='ltr'>densitate,</span> 
     </span>
     <span class='ocr_line' id='line_1_39' title="bbox 560 3541 1954 3623; baseline 0.002 -20"><span class='ocrx_word' id='word_1_409' title='bbox 560 3541 699 3605; x_wconf 85' lang='lat' dir='ltr'>resistente</span> <span class='ocrx_word' id='word_1_410' title='bbox 718 3546 905 3622; x_wconf 76' lang='lat' dir='ltr'>perseverare.</span> <span class='ocrx_word' id='word_1_411' title='bbox 1283 3543 1418 3623; x_wconf 85' lang='lat' dir='ltr'>quantitas</span> <span class='ocrx_word' id='word_1_412' title='bbox 1438 3551 1531 3608; x_wconf 81' lang='lat' dir='ltr'>mottls</span> <span class='ocrx_word' id='word_1_413' title='bbox 1548 3545 1749 3607; x_wconf 84' lang='lat' dir='ltr'>communicati</span> <span class='ocrx_word' id='word_1_414' title='bbox 1770 3543 1808 3604; x_wconf 82' lang='lat' dir='ltr'>cll</span> <span class='ocrx_word' id='word_1_415' title='bbox 1818 3563 1848 3606; x_wconf 90' lang='lat' dir='ltr'>ut</span> <span class='ocrx_word' id='word_1_416' title='bbox 1864 3564 1954 3620; x_wconf 87' lang='lat' dir='ltr'>quan·</span> 
     </span>
     <span class='ocr_line' id='line_1_40' title="bbox 603 3623 1957 3705; baseline 0.004 -25"><span class='ocrx_word' id='word_1_417' title='bbox 603 3636 630 3680; x_wconf 78' lang='lat' dir='ltr'>s.</span> <span class='ocrx_word' id='word_1_418' title='bbox 652 3623 725 3684; x_wconf 80' lang='lat' dir='ltr'>ilinc</span> <span class='ocrx_word' id='word_1_419' title='bbox 741 3623 903 3702; x_wconf 86' lang='lat' dir='ltr'>corporisin</span> <span class='ocrx_word' id='word_1_420' title='bbox 920 3623 1235 3689; x_wconf 75' lang='lat' dir='ltr'>mediorehlientenro-</span> <span class='ocrx_word' id='word_1_421' title='bbox 1283 3629 1346 3688; x_wconf 86' lang='lat' dir='ltr'>titas</span> <span class='ocrx_word' id='word_1_422' title='bbox 1371 3625 1448 3688; x_wconf 82' lang='lat' dir='ltr'>fluidi</span> <span class='ocrx_word' id='word_1_423' title='bbox 1465 3629 1533 3690; x_wconf 87' lang='lat' dir='ltr'>dato</span> <span class='ocrx_word' id='word_1_424' title='bbox 1558 3628 1732 3705; x_wconf 80' lang='lat' dir='ltr'>tempusculo</span> <span class='ocrx_word' id='word_1_425' title='bbox 1752 3625 1923 3688; x_wconf 75' lang='lat' dir='ltr'>dimouenda</span> <span class='ocrx_word' id='word_1_426' title='bbox 1941 3643 1957 3697; x_wconf 81' lang='lat'>,·</span> 
     </span>
     <span class='ocr_line' id='line_1_41' title="bbox 562 3700 1955 3787; baseline 0.004 -23"><span class='ocrx_word' id='word_1_427' title='bbox 562 3700 730 3766; x_wconf 81' lang='lat' dir='ltr'>tirelocitas</span> <span class='ocrx_word' id='word_1_428' title='bbox 750 3705 827 3766; x_wconf 86' lang='lat' dir='ltr'>finita</span> <span class='ocrx_word' id='word_1_429' title='bbox 846 3727 898 3784; x_wconf 88' lang='lat' dir='ltr'>per</span> <span class='ocrx_word' id='word_1_430' title='bbox 912 3707 1031 3787; x_wconf 84' lang='lat' dir='ltr'>spatium</span> <span class='ocrx_word' id='word_1_431' title='bbox 1048 3706 1156 3768; x_wconf 78' lang='lat' dir='ltr'>infinite</span> <span class='ocrx_word' id='word_1_432' title='bbox 1173 3727 1236 3785; x_wconf 85' lang='lat' dir='ltr'>pat·-</span> <span class='ocrx_word' id='word_1_433' title='bbox 1284 3709 1316 3769; x_wconf 84' lang='lat'>&amp;</span> <span class='ocrx_word' id='word_1_434' title='bbox 1335 3725 1364 3768; x_wconf 85' lang='lat' dir='ltr'>ut</span> <span class='ocrx_word' id='word_1_435' title='bbox 1383 3707 1517 3770; x_wconf 88' lang='lat' dir='ltr'>velocitas</span> <span class='ocrx_word' id='word_1_436' title='bbox 1530 3717 1583 3786; x_wconf 73' lang='lat' dir='ltr'>qul</span> <span class='ocrx_word' id='word_1_437' title='bbox 1594 3708 1727 3784; x_wconf 87' lang='lat' dir='ltr'>quantitas</span> <span class='ocrx_word' id='word_1_438' title='bbox 1737 3705 1786 3768; x_wconf 88' lang='lat' dir='ltr'>illa</span> <span class='ocrx_word' id='word_1_439' title='bbox 1800 3707 1879 3768; x_wconf 83' lang='lat' dir='ltr'>lluidi</span> <span class='ocrx_word' id='word_1_440' title='bbox 1890 3729 1955 3770; x_wconf 87' lang='lat' dir='ltr'>rno-</span> 
     </span>
     <span class='ocr_line' id='line_1_42' title="bbox 563 3785 1958 3868; baseline 0.003 -21"><span class='ocrx_word' id='word_1_441' title='bbox 563 3803 653 3853; x_wconf 84' lang='lat' dir='ltr'>vum‚</span> <span class='ocrx_word' id='word_1_442' title='bbox 673 3804 753 3862; x_wconf 86' lang='lat' dir='ltr'>atque</span> <span class='ocrx_word' id='word_1_443' title='bbox 771 3787 857 3847; x_wconf 83' lang='lat' dir='ltr'>etiarn</span> <span class='ocrx_word' id='word_1_444' title='bbox 874 3806 1002 3867; x_wconf 83' lang='lat' dir='ltr'>tempore</span> <span class='ocrx_word' id='word_1_445' title='bbox 1026 3785 1134 3848; x_wconf 73' lang='lat' dir='ltr'>infinite</span> <span class='ocrx_word' id='word_1_446' title='bbox 1151 3807 1238 3866; x_wconf 81' lang='lat' dir='ltr'>parvo</span> <span class='ocrx_word' id='word_1_447' title='bbox 1284 3806 1364 3850; x_wconf 83' lang='lat' dir='ltr'>retur</span> <span class='ocrx_word' id='word_1_448' title='bbox 1383 3789 1574 3868; x_wconf 60' lang='lat' dir='ltr'>conjundiinu</span> <span class='ocrx_word' id='word_1_449' title='bbox 1603 3794 1634 3852; x_wconf 75' lang='grc' dir='ltr'>ὅ(</span> <span class='ocrx_word' id='word_1_450' title='bbox 1657 3789 1792 3867; x_wconf 82' lang='lat' dir='ltr'>quantitas</span> <span class='ocrx_word' id='word_1_451' title='bbox 1812 3789 1889 3848; x_wconf 85' lang='lat' dir='ltr'>fluidi</span> <span class='ocrx_word' id='word_1_452' title='bbox 1905 3791 1958 3851; x_wconf 87' lang='lat' dir='ltr'>da·</span> 
     </span>
     <span class='ocr_line' id='line_1_43' title="bbox 567 3865 1958 3947; baseline 0.005 -23"><span class='ocrx_word' id='word_1_453' title='bbox 567 3866 708 3938; x_wconf 77' lang='lat' dir='ltr'>aequabitis</span> <span class='ocrx_word' id='word_1_454' title='bbox 720 3867 824 3927; x_wconf 84' lang='lat' dir='ltr'>censeri</span> <span class='ocrx_word' id='word_1_455' title='bbox 837 3869 941 3942; x_wconf 82' lang='lat' dir='ltr'>potest,</span> <span class='ocrx_word' id='word_1_456' title='bbox 960 3867 1091 3947; x_wconf 63' lang='lat' dir='ltr'>neglecto</span> <span class='ocrx_word' id='word_1_457' title='bbox 1103 3865 1238 3929; x_wconf 84' lang='lat' dir='ltr'>nimitum</span> <span class='ocrx_word' id='word_1_458' title='bbox 1285 3887 1317 3932; x_wconf 88' lang='lat' dir='ltr'>to</span> <span class='ocrx_word' id='word_1_459' title='bbox 1340 3869 1512 3947; x_wconf 84' lang='lat' dir='ltr'>tempul&#39;culo</span> <span class='ocrx_word' id='word_1_460' title='bbox 1537 3869 1708 3932; x_wconf 77' lang='lat' dir='ltr'>dimovenda</span> <span class='ocrx_word' id='word_1_461' title='bbox 1724 3867 1866 3932; x_wconf 84' lang='lat' dir='ltr'>velocitati</span> <span class='ocrx_word' id='word_1_462' title='bbox 1892 3891 1958 3933; x_wconf 88' lang='lat' dir='ltr'>mo·</span> 
     </span>
     <span class='ocr_line' id='line_1_44' title="bbox 569 3943 1957 4030; baseline 0.004 -26"><span class='ocrx_word' id='word_1_463' title='bbox 569 3943 679 4007; x_wconf 74' lang='lat' dir='ltr'>infinite</span> <span class='ocrx_word' id='word_1_464' title='bbox 698 3967 783 4020; x_wconf 83' lang='lat' dir='ltr'>parvo</span> <span class='ocrx_word' id='word_1_465' title='bbox 794 3947 949 4008; x_wconf 81' lang='lat' dir='ltr'>velocitatis</span> <span class='ocrx_word' id='word_1_466' title='bbox 960 3949 1149 4010; x_wconf 85' lang='lat' dir='ltr'>decremento.</span> <span class='ocrx_word' id='word_1_467' title='bbox 1168 3963 1173 3971; x_wconf 85' lang='lat'>&#39;</span> <span class='ocrx_word' id='word_1_468' title='bbox 1286 3949 1349 4010; x_wconf 88' lang='lat' dir='ltr'>bilis</span> <span class='ocrx_word' id='word_1_469' title='bbox 1367 3951 1580 4028; x_wconf 87' lang='lat' dir='ltr'>proportionalis</span> <span class='ocrx_word' id='word_1_470' title='bbox 1598 3951 1658 4020; x_wconf 86' lang='lat' dir='ltr'>est,</span> <span class='ocrx_word' id='word_1_471' title='bbox 1689 3971 1787 4030; x_wconf 86' lang='lat' dir='ltr'>corpur</span> <span class='ocrx_word' id='word_1_472' title='bbox 1808 3951 1885 4011; x_wconf 85' lang='lat' dir='ltr'>enirn</span> <span class='ocrx_word' id='word_1_473' title='bbox 1905 3951 1957 4011; x_wconf 90' lang='lat' dir='ltr'>du·</span> 
     </span>
     <span class='ocr_line' id='line_1_45' title="bbox 605 4027 1957 4110; baseline 0.004 -25"><span class='ocrx_word' id='word_1_474' title='bbox 605 4043 638 4091; x_wconf 63' lang='lat'>⁴7.</span> <span class='ocrx_word' id='word_1_475' title='bbox 654 4029 718 4086; x_wconf 76' lang='lat' dir='ltr'>lunt</span> <span class='ocrx_word' id='word_1_476' title='bbox 730 4027 955 4088; x_wconf 78' lang='lat' dir='ltr'>uerdrefistentia</span> <span class='ocrx_word' id='word_1_477' title='bbox 972 4049 1120 4106; x_wconf 84' lang='lat' dir='ltr'>corporum</span> <span class='ocrx_word' id='word_1_478' title='bbox 1130 4027 1159 4089; x_wconf 93' lang='lat' dir='ltr'>in</span> <span class='ocrx_word' id='word_1_479' title='bbox 1178 4029 1240 4090; x_wconf 84' lang='lat' dir='ltr'>flui-</span> <span class='ocrx_word' id='word_1_480' title='bbox 1287 4031 1336 4110; x_wconf 93' lang='lat' dir='ltr'>plo</span> <span class='ocrx_word' id='word_1_481' title='bbox 1351 4030 1476 4094; x_wconf 77' lang='lat' dir='ltr'>velocius</span> <span class='ocrx_word' id='word_1_482' title='bbox 1499 4037 1609 4103; x_wconf 85' lang='lat' dir='ltr'>altero,</span> <span class='ocrx_word' id='word_1_483' title='bbox 1629 4031 1715 4110; x_wconf 91' lang='lat' dir='ltr'>duplo</span> <span class='ocrx_word' id='word_1_484' title='bbox 1730 4035 1818 4110; x_wconf 83' lang='lat' dir='ltr'>majus</span> <span class='ocrx_word' id='word_1_485' title='bbox 1839 4033 1957 4110; x_wconf 79' lang='lat' dir='ltr'>spatium</span> 
     </span>
     <span class='ocr_line' id='line_1_46' title="bbox 568 4105 1959 4192; baseline 0.005 -28"><span class='ocrx_word' id='word_1_486' title='bbox 568 4105 739 4175; x_wconf 69' lang='lat' dir='ltr'>dincaetens</span> <span class='ocrx_word' id='word_1_487' title='bbox 749 4109 869 4184; x_wconf 89' lang='lat' dir='ltr'>paribus,</span> <span class='ocrx_word' id='word_1_488' title='bbox 878 4111 966 4171; x_wconf 90' lang='lat' dir='ltr'>oritur</span> <span class='ocrx_word' id='word_1_489' title='bbox 976 4109 1077 4186; x_wconf 85' lang='lat' dir='ltr'>partim</span> <span class='ocrx_word' id='word_1_490' title='bbox 1088 4129 1123 4168; x_wconf 82' lang='lat' dir='ltr'>ert</span> <span class='ocrx_word' id='word_1_491' title='bbox 1135 4111 1240 4182; x_wconf 80' lang='lat' dir='ltr'>tenaci·</span> <span class='ocrx_word' id='word_1_492' title='bbox 1287 4111 1317 4171; x_wconf 92' lang='lat' dir='ltr'>in</span> <span class='ocrx_word' id='word_1_493' title='bbox 1331 4111 1418 4174; x_wconf 92' lang='lat' dir='ltr'>fluido</span> <span class='ocrx_word' id='word_1_494' title='bbox 1431 4133 1589 4192; x_wconf 86' lang='lat' dir='ltr'>percurret,</span> <span class='ocrx_word' id='word_1_495' title='bbox 1618 4111 1705 4188; x_wconf 85' lang='lat' dir='ltr'>sicque</span> <span class='ocrx_word' id='word_1_496' title='bbox 1724 4111 1811 4191; x_wconf 88' lang='lat' dir='ltr'>duplo</span> <span class='ocrx_word' id='word_1_497' title='bbox 1833 4113 1959 4190; x_wconf 84' lang='lat' dir='ltr'>pluribus</span> 
     </span>
     <span class='ocr_line' id='line_1_47' title="bbox 569 4185 1957 4273; baseline 0.001 -27"><span class='ocrx_word' id='word_1_498' title='bbox 569 4203 640 4258; x_wconf 85' lang='lat' dir='ltr'>tate,</span> <span class='ocrx_word' id='word_1_499' title='bbox 649 4185 750 4266; x_wconf 87' lang='lat' dir='ltr'>partim</span> <span class='ocrx_word' id='word_1_500' title='bbox 766 4208 799 4248; x_wconf 83' lang='lat' dir='ltr'>ex</span> <span class='ocrx_word' id='word_1_501' title='bbox 808 4190 993 4259; x_wconf 60' lang='lat' dir='ltr'>frictione&amp;</span> <span class='ocrx_word' id='word_1_502' title='bbox 1005 4189 1107 4268; x_wconf 86' lang='lat' dir='ltr'>partim</span> <span class='ocrx_word' id='word_1_503' title='bbox 1119 4210 1154 4249; x_wconf 87' lang='lat' dir='ltr'>ex</span> <span class='ocrx_word' id='word_1_504' title='bbox 1162 4211 1240 4254; x_wconf 85' lang='lat' dir='ltr'>reac-</span> <span class='ocrx_word' id='word_1_505' title='bbox 1287 4192 1427 4273; x_wconf 77' lang='lat' dir='ltr'>particulis</span> <span class='ocrx_word' id='word_1_506' title='bbox 1453 4213 1590 4256; x_wconf 82' lang='lat' dir='ltr'>occurret.</span> <span class='ocrx_word' id='word_1_507' title='bbox 1630 4195 1723 4266; x_wconf 84' lang='lat' dir='ltr'>Quare</span> <span class='ocrx_word' id='word_1_508' title='bbox 1742 4195 1806 4256; x_wconf 70' lang='lat' dir='ltr'>datr</span> <span class='ocrx_word' id='word_1_509' title='bbox 1826 4191 1957 4250; x_wconf 70' lang='lat' dir='ltr'>densitate</span> 
     </span>
     <span class='ocr_line' id='line_1_48' title="bbox 416 4266 1957 4350; baseline 0 -22"><span class='ocrx_word' id='word_1_510' title='bbox 416 4267 421 4270; x_wconf 69' lang='grc'><strong>’</strong></span> <span class='ocrx_word' id='word_1_511' title='bbox 548 4266 652 4344; x_wconf 80' lang='lat' dir='ltr'>tione·</span> <span class='ocrx_word' id='word_1_512' title='bbox 665 4269 784 4343; x_wconf 85' lang='lat' dir='ltr'>partium</span> <span class='ocrx_word' id='word_1_513' title='bbox 795 4270 902 4340; x_wconf 85' lang='lat' dir='ltr'>medii,</span> <span class='ocrx_word' id='word_1_514' title='bbox 920 4270 1093 4348; x_wconf 80' lang='lat' dir='ltr'>tresquesunt</span> <span class='ocrx_word' id='word_1_515' title='bbox 1104 4273 1242 4334; x_wconf 87' lang='lat' dir='ltr'>celebrio·</span> <span class='ocrx_word' id='word_1_516' title='bbox 1288 4273 1396 4345; x_wconf 86' lang='lat' dir='ltr'>medii,</span> <span class='ocrx_word' id='word_1_517' title='bbox 1428 4273 1575 4334; x_wconf 77' lang='lat' dir='ltr'>refluentia</span> <span class='ocrx_word' id='word_1_518' title='bbox 1595 4273 1634 4334; x_wconf 81' lang='lat' dir='ltr'>est</span> <span class='ocrx_word' id='word_1_519' title='bbox 1652 4293 1681 4334; x_wconf 89' lang='lat' dir='ltr'>ut</span> <span class='ocrx_word' id='word_1_520' title='bbox 1699 4275 1862 4350; x_wconf 87' lang='lat' dir='ltr'>quadrarum</span> <span class='ocrx_word' id='word_1_521' title='bbox 1881 4271 1957 4330; x_wconf 87' lang='lat' dir='ltr'>cele-</span> 
     </span>
     <span class='ocr_line' id='line_1_49' title="bbox 568 4339 1957 4443; baseline -0.001 -33"><span class='ocrx_word' id='word_1_522' title='bbox 568 4339 699 4415; x_wconf 62' lang='lat' dir='ltr'>res¹‘circfa</span> <span class='ocrx_word' id='word_1_523' title='bbox 709 4353 785 4427; x_wconf 76' lang='lat' dir='ltr'>hujus</span> <span class='ocrx_word' id='word_1_524' title='bbox 794 4351 947 4413; x_wconf 74' lang='lat' dir='ltr'>refluentia</span> <span class='ocrx_word' id='word_1_525' title='bbox 959 4354 1054 4443; x_wconf 76' lang='lat' dir='ltr'>legem</span> <span class='ocrx_word' id='word_1_526' title='bbox 1062 4353 1241 4430; x_wconf 86' lang='lat' dir='ltr'>hypotheses,</span> <span class='ocrx_word' id='word_1_527' title='bbox 1288 4353 1376 4416; x_wconf 84' lang='lat' dir='ltr'>ritatie</span> <span class='ocrx_word' id='word_1_528' title='bbox 1397 4355 1532 4424; x_wconf 84' lang='lat' dir='ltr'>mobilis,</span> <span class='ocrx_word' id='word_1_529' title='bbox 1551 4375 1633 4432; x_wconf 85' lang='lat' dir='ltr'>arque</span> <span class='ocrx_word' id='word_1_530' title='bbox 1654 4356 1726 4415; x_wconf 75' lang='lat' dir='ltr'>adeo</span> <span class='ocrx_word' id='word_1_531' title='bbox 1744 4354 1763 4414; x_wconf 90' lang='lat' dir='ltr'>si</span> <span class='ocrx_word' id='word_1_532' title='bbox 1783 4370 1872 4428; x_wconf 89' lang='lat' dir='ltr'>neque</span> <span class='ocrx_word' id='word_1_533' title='bbox 1895 4350 1957 4410; x_wconf 88' lang='lat' dir='ltr'>slui-</span> 
     </span>
     <span class='ocr_line' id='line_1_50' title="bbox 569 4429 1960 4512; baseline 0.006 -23"><span class='ocrx_word' id='word_1_534' title='bbox 569 4429 686 4505; x_wconf 75' lang='lat' dir='ltr'>quarunt</span> <span class='ocrx_word' id='word_1_535' title='bbox 700 4432 911 4493; x_wconf 77' lang='lat' dir='ltr'>Mathematicus</span> <span class='ocrx_word' id='word_1_536' title='bbox 929 4433 1133 4508; x_wconf 81' lang='lat' dir='ltr'>consequentias</span> <span class='ocrx_word' id='word_1_537' title='bbox 1146 4435 1240 4493; x_wconf 79' lang='lat' dir='ltr'>an·</span> <span class='ocrx_word' id='word_1_538' title='bbox 1289 4435 1318 4494; x_wconf 92' lang='lat' dir='ltr'>di</span> <span class='ocrx_word' id='word_1_539' title='bbox 1338 4434 1479 4505; x_wconf 74' lang='lat' dir='ltr'>deonas,</span> <span class='ocrx_word' id='word_1_540' title='bbox 1509 4456 1598 4512; x_wconf 87' lang='lat' dir='ltr'>neque</span> <span class='ocrx_word' id='word_1_541' title='bbox 1616 4435 1728 4498; x_wconf 80' lang='lat' dir='ltr'>mobilis</span> <span class='ocrx_word' id='word_1_542' title='bbox 1746 4432 1874 4492; x_wconf 69' lang='lat' dir='ltr'>celeritas</span> <span class='ocrx_word' id='word_1_543' title='bbox 1893 4432 1960 4490; x_wconf 67' lang='lat' dir='ltr'>data</span> 
     </span>
     <span class='ocr_line' id='line_1_51' title="bbox 567 4509 1959 4592; baseline 0.004 -25"><span class='ocrx_word' id='word_1_544' title='bbox 567 4525 665 4567; x_wconf 74' lang='lat' dir='ltr'>nortus</span> <span class='ocrx_word' id='word_1_545' title='bbox 678 4511 731 4571; x_wconf 90' lang='lat' dir='ltr'>hoc</span> <span class='ocrx_word' id='word_1_546' title='bbox 743 4510 816 4572; x_wconf 90' lang='lat' dir='ltr'>libro</span> <span class='ocrx_word' id='word_1_547' title='bbox 827 4513 949 4590; x_wconf 84' lang='lat' dir='ltr'>exponit.</span> <span class='ocrx_word' id='word_1_548' title='bbox 966 4531 1002 4570; x_wconf 88' lang='grc' dir='ltr'>ι·.</span> <span class='ocrx_word' id='word_1_549' title='bbox 1022 4513 1185 4592; x_wconf 87' lang='lat' dir='ltr'>Hypothelis</span> <span class='ocrx_word' id='word_1_550' title='bbox 1194 4535 1240 4574; x_wconf 89' lang='lat' dir='ltr'>re·</span> <span class='ocrx_word' id='word_1_551' title='bbox 1288 4515 1345 4584; x_wconf 86' lang='lat' dir='ltr'>lit,</span> <span class='ocrx_word' id='word_1_552' title='bbox 1373 4515 1426 4576; x_wconf 87' lang='lat' dir='ltr'>erit</span> <span class='ocrx_word' id='word_1_553' title='bbox 1458 4515 1606 4577; x_wconf 83' lang='lat' dir='ltr'>refillettria</span> <span class='ocrx_word' id='word_1_554' title='bbox 1630 4513 1767 4576; x_wconf 66' lang='lat' dir='ltr'>ut&#39;nredii</span> <span class='ocrx_word' id='word_1_555' title='bbox 1794 4509 1908 4572; x_wconf 76' lang='lat' dir='ltr'>detulitac</span> <span class='ocrx_word' id='word_1_556' title='bbox 1925 4513 1959 4572; x_wconf 87' lang='lat'>&amp;</span> 
     </span>
     <span class='ocr_line' id='line_1_52' title="bbox 566 4587 1960 4673; baseline 0.004 -26"><span class='ocrx_word' id='word_1_557' title='bbox 566 4587 712 4648; x_wconf 80' lang='lat' dir='ltr'>sistentiam</span> <span class='ocrx_word' id='word_1_558' title='bbox 730 4591 1089 4672; x_wconf 83' lang='lat' dir='ltr'>ponitvelocitarr&#39;eotpotis</span> <span class='ocrx_word' id='word_1_559' title='bbox 1102 4593 1159 4653; x_wconf 87' lang='lat' dir='ltr'>dati</span> <span class='ocrx_word' id='word_1_560' title='bbox 1177 4615 1242 4673; x_wconf 87' lang='lat' dir='ltr'>pro·</span> <span class='ocrx_word' id='word_1_561' title='bbox 1287 4596 1451 4672; x_wconf 88' lang='lat' dir='ltr'>quadratum</span> <span class='ocrx_word' id='word_1_562' title='bbox 1476 4595 1630 4659; x_wconf 75' lang='lat' dir='ltr'>velocitatis</span> <span class='ocrx_word' id='word_1_563' title='bbox 1648 4591 1815 4671; x_wconf 79' lang='lat' dir='ltr'>conjunslim</span> <span class='ocrx_word' id='word_1_564' title='bbox 1835 4629 1846 4662; x_wconf 87' lang='lat'><em>‚</em></span> <span class='ocrx_word' id='word_1_565' title='bbox 1877 4603 1960 4668; x_wconf 86' lang='lat' dir='ltr'>&#39;atque</span> 
     </span>
     <span class='ocr_line' id='line_1_53' title="bbox 569 4669 1961 4753; baseline 0.002 -24"><span class='ocrx_word' id='word_1_566' title='bbox 569 4669 775 4748; x_wconf 86' lang='lat' dir='ltr'>portionalem,</span> <span class='ocrx_word' id='word_1_567' title='bbox 792 4672 910 4740; x_wconf 86' lang='lat' dir='ltr'>secunda</span> <span class='ocrx_word' id='word_1_568' title='bbox 921 4671 1074 4736; x_wconf 85' lang='lat' dir='ltr'>velocitatis</span> <span class='ocrx_word' id='word_1_569' title='bbox 1083 4673 1239 4751; x_wconf 87' lang='lat' dir='ltr'>quadrato,</span> <span class='ocrx_word' id='word_1_570' title='bbox 1275 4679 1347 4745; x_wconf 19' lang='lat' dir='ltr'>*haec</span> <span class='ocrx_word' id='word_1_571' title='bbox 1361 4675 1401 4735; x_wconf 82' lang='lat' dir='ltr'>est</span> <span class='ocrx_word' id='word_1_572' title='bbox 1412 4673 1559 4738; x_wconf 78' lang='lat' dir='ltr'>resistentia</span> <span class='ocrx_word' id='word_1_573' title='bbox 1581 4697 1641 4753; x_wconf 78' lang='lat' dir='ltr'>quae</span> <span class='ocrx_word' id='word_1_574' title='bbox 1650 4695 1742 4738; x_wconf 89' lang='lat' dir='ltr'>ortum</span> <span class='ocrx_word' id='word_1_575' title='bbox 1755 4673 1831 4734; x_wconf 81' lang='lat' dir='ltr'>ducit</span> <span class='ocrx_word' id='word_1_576' title='bbox 1842 4673 1877 4732; x_wconf 92' lang='lat' dir='ltr'>ab</span> <span class='ocrx_word' id='word_1_577' title='bbox 1887 4672 1961 4735; x_wconf 62' lang='lat' dir='ltr'>iners</span> 
     </span>
     <span class='ocr_line' id='line_1_54' title="bbox 552 4749 1960 4901; baseline 0.004 -87"><span class='ocrx_word' id='word_1_578' title='bbox 552 4751 603 4838; x_wconf 74' lang='lat' dir='ltr'>j&amp;</span> <span class='ocrx_word' id='word_1_579' title='bbox 615 4749 697 4815; x_wconf 85' lang='lat' dir='ltr'>tertia</span> <span class='ocrx_word' id='word_1_580' title='bbox 704 4751 808 4836; x_wconf 80' lang='lat' dir='ltr'>partim</span> <span class='ocrx_word' id='word_1_581' title='bbox 818 4754 982 4832; x_wconf 81' lang='lat' dir='ltr'>velocitati,</span> <span class='ocrx_word' id='word_1_582' title='bbox 1002 4756 1034 4822; x_wconf 78' lang='lat' dir='ltr'>dt</span> <span class='ocrx_word' id='word_1_583' title='bbox 1051 4753 1240 4839; x_wconf 74' lang='lat' dir='ltr'>pattiut&#39;rtlo-</span> <span class='ocrx_word' id='word_1_584' title='bbox 1288 4757 1327 4825; x_wconf 66' lang='lat' dir='ltr'>tia</span> <span class='ocrx_word' id='word_1_585' title='bbox 1336 4756 1536 4842; x_wconf 74' lang='lat' dir='ltr'>particularum</span> <span class='ocrx_word' id='word_1_586' title='bbox 1550 4755 1630 4821; x_wconf 86' lang='lat' dir='ltr'>fluidi</span> <span class='ocrx_word' id='word_1_587' title='bbox 1648 4775 1713 4836; x_wconf 82' lang='lat' dir='ltr'>quas</span> <span class='ocrx_word' id='word_1_588' title='bbox 1732 4775 1830 4838; x_wconf 75' lang='lat' dir='ltr'>coeptu</span> <span class='ocrx_word' id='word_1_589' title='bbox 1847 4773 1960 4901; x_wconf 60' lang='lat' dir='ltr'>mgttltom</span> 
     </span>
     <span class='ocr_line' id='line_1_55' title="bbox 1427 4851 1957 4894; baseline 0.017 -9"><span class='ocrx_word' id='word_1_590' title='bbox 1427 4851 1447 4873; x_wconf 61' lang='lat' dir='ltr'><em>t</em></span> <span class='ocrx_word' id='word_1_591' title='bbox 1944 4862 1957 4894; x_wconf 74' lang='lat' dir='ltr'>r</span> 
     </span>
    </p>
   </div>
   <div class='ocr_carea' id='block_1_7' title="bbox 0 0 2204 5714">
    <p class='ocr_par' dir='ltr' id='par_1_9' title="bbox 0 0 2204 5714">
     <span class='ocr_line' id='line_1_56' title="bbox 0 0 2204 5714; baseline 0 0"><span class='ocrx_word' id='word_1_592' title='bbox 0 0 2204 5714; x_wconf 95' lang='lat' dir='ltr'> </span> 
     </span>
    </p>
   </div>
  </div>
 </body>
</html>
