4326 5724
249 1173 263 1192 x
383 1126 565 1183 PronLll·
590 1143 597 1154 ·

475 461 478 466 >
558 399 675 557 408
788 395 1306 516 'Pnrtosorrna
1357 397 1746 522 Nasusrtrs

380 557 440 633 DE
458 555 543 628 MO-
561 557 879 658 tidinvariatan13
898 585 1001 674 patet
1031 559 1138 668 quod
1163 577 1293 643 motus
1317 581 1503 673 perpetuo
1529 565 1747 651 transfertur
1772 563 1794 648 *a
1818 581 1954 656 centro

381 673 433 730 'TU
456 654 613 760 COR'ad
633 674 989 760 circumferentiam
1006 675 1186 770 venien,
1211 679 1252 756 ὅ(
1285 705 1352 787 per
1385 673 1618 764 infinitatem
1634 681 1958 774 circumferentia

384 771 529 923 ¹³&ng
566 793 800 876 absorbetur.
840 789 1008 875 Materia
1043 792 1142 875 inter
1184 788 1383 903 splraericas
1421 789 1515 876 duas
1549 797 1704 905 quasvis
1735 799 1959 912 superficies

386 951 548 1020 SECUND·
567 907 711 994 vortici
741 907 1008 991 concentricas
1035 937 1237 1018 nunquam
1265 907 1558 1012 accelerabitur,
1585 939 1634 994 eo
1665 911 1772 1020 qubd
1797 939 1958 1002 motum

383 1046 473 1104 sacr.
497 1044 552 1100 rx.
570 1055 733 1109 omnem
754 1023 774 1106 a
802 1023 962 1110 materia
981 1023 1164 1108 interiore
1188 1051 1397 1138 acceptum
1415 1023 1586 1109 transfert
1607 1028 1757 1144 semper
1773 1029 1813 1113 in
1842 1061 1958 1118 exre·

382 1205 412 1264 T
425 1223 471 1264 aa
482 1221 537 1264 or.
569 1171 724 1227 norem,

382 1289 456 1349 xa.
626 1261 734 1344 Coros.
763 1287 804 1358 4.
832 1252 1002 1343 Proinde
1025 1257 1074 1342 ad
1108 1255 1449 1342 conservationem
1482 1255 1643 1344 vorticis
1672 1266 1889 1345 constanter
1915 1263 1958 1348 in

566 1376 714 1459 eodem
742 1371 935 1462 movendi
963 1378 1076 1470 statu,
1100 1372 1303 1484 requiritur
1323 1373 1560 1492 principium
1576 1375 1736 1488 aliquod
1762 1378 1956 1486 aslivum,

476 1585 482 1602 „
566 1489 682 1598 *aquo
697 1490 834 1598 globus
849 1488 1017 1576 eandem
1033 1489 1183 1606 semper
1206 1489 1460 1600 quantitatem
1476 1492 1609 1577 monls
1629 1491 1813 1606 accipiat,
1836 1525 1957 1604 quam

565 1605 757 1720 imprimit
786 1607 827 1690 in
844 1604 1048 1690 materiam
1075 1605 1248 1692 vorticis.
1273 1606 1368 1690 Sine
1398 1607 1462 1692 tali
1495 1609 1688 1724 principio
1713 1609 1870 1694 necesse
1903 1618 1957 1698 est

555 1745 605 1814 ut
621 1723 756 1826 globus
775 1731 816 1808 bt
850 1722 1010 1808 vorticis
1043 1747 1166 1840 partes
1185 1723 1402 1818 interiores,
1419 1751 1671 1840 propagantes
1698 1727 1851 1842 semper
1869 1761 1954 1814 mo

565 1859 651 1920 tum
689 1842 799 1923 suum
825 1839 865 1923 in
887 1839 1118 1943 exteriores,
1144 1872 1272 1952 neque
1301 1870 1453 1928 novum
1481 1841 1653 1951 aliquem
1675 1867 1830 1927 motum
1853 1845 1957 1928 reci·

567 1951 715 2067 pientes
727 1969 742 2052 ,¹
764 1956 977 2042 tardescant
994 1960 1177 2072 paulatim
1193 1969 1236 2043 bt
1253 1958 1295 2041 in
1317 1961 1455 2046 orbern
1481 1958 1544 2066 agi
1574 1958 1758 2044 destnant.

629 2075 738 2158 Coros.
774 2105 809 2178 5.
837 2073 883 2156 Si
904 2073 1040 2180 globus
1077 2079 1169 2166 alter
1205 2074 1299 2161 huic
1327 2077 1471 2162 vortici
1501 2075 1550 2160 ad
1586 2099 1732 2158 certam
1760 2073 1807 2158 ab
1837 2077 1954 2190 ipsius

568 2214 701 2274 centro
727 2186 943 2274 distantiam
962 2189 1173 2294 innatant,
1201 2199 1242 2276 bt
1266 2189 1409 2277 interea
1428 2193 1533 2278 circa
1562 2219 1678 2276 axem
1704 2189 1958 2280 inclinatione

567 2303 703 2388 datum
726 2302 767 2387 vi
796 2303 923 2416 aliqual
952 2315 1167 2398 constanter
1193 2307 1479 2412 revolveretur3
1500 2306 1612 2416 hujus
1635 2333 1746 2396 motu
1764 2298 1957 2426 raperetur

565 2417 731 2502 fluidum
761 2419 801 2503 in
826 2425 1041 2509 vorticem:
1064 2435 1105 2511 bt
1133 2425 1260 2542 primo
1278 2426 1547 2511 revolveretur
1575 2423 1642 2506 liic
1666 2447 1809 2511 vortex
1827 2456 1955 2511 novus

566 2543 609 2619 ὃ(
633 2534 805 2641 'exiguus
835 2537 909 2623 ursa
934 2571 1026 2625 cum
1052 2543 1169 2652 globo
1203 2544 1307 2628 circa
1333 2565 1512 2628 centrum
1536 2539 1709 2640 alterius,
1740 2549 1781 2624 ὅ(
1810 2542 1956 2628 interea

558 2651 676 2740 'latius
697 2655 861 2768 serperet
879 2657 992 2774 ipstus
1016 2687 1171 2760 motus,
1200 2669 1242 2744 &
1259 2659 1445 2778 paulatim
1462 2683 1730 2775 propagaretur
1757 2659 1798 2740 in
1829 2657 1957 2743 inlini-

563 2793 670 2868 tum,
702 2767 942 2857 admodum
959 2777 1120 2863 vorticis
1137 2776 1265 2894 primi.
1306 2776 1517 2862 Eretdem
1532 2776 1705 2872 tatione,
1732 2773 1811 2884 qui
1841 2773 1955 2881 huius

562 2885 703 2990 globus
731 2913 922 3003 raperetur
939 2917 1048 2978 motu
1069 2894 1228 2982 vorticis
1257 2891 1433 2991 alterius,
1463 2916 1656 3006 raperetur
1673 2891 1793 2974 etiam
1816 2891 1955 2996 globus

566 3001 718 3088 alterius
744 3031 853 3090 motu
882 3004 1022 3114 hujus,
1066 3013 1118 3095 stc
1140 3039 1180 3096 ut
1204 3009 1312 3118 globi
1343 3005 1423 3095 duo
1451 3009 1554 3092 circa
1589 3003 1866 3092 intermedium
1887 3007 1954 3092 ali-

561 3119 674 3226 quod
695 3126 879 3232 puntturn
904 3123 1229 3223 revolverentur,
1273 3129 1390 3234 seque
1416 3147 1553 3209 mutuo
1578 3124 1637 3211 ob
1662 3143 1817 3206 motum
1841 3121 1952 3213 illum

567 3233 795 3318 circularem
819 3238 994 3346 fugerent
1010 3299 1022 3340 ‚
1065 3242 1135 3325 nist
1155 3273 1222 3359 per
1242 3242 1329 3326 vim
1351 3240 1520 3350 aliquam
1550 3237 1728 3324 cohibiti.
1768 3236 1956 3326 Potleast

566 3349 668 3436 vires
686 3357 900 3439 constanter
923 3355 1132 3472 impreffae,
1162 3359 1305 3470 quibus
1318 3355 1425 3466 globi
1440 3355 1482 3446 in
1499 3353 1672 3444 motibus
1689 3353 1762 3438 suis
1774 3355 1952 3470 perseve-

564 3491 676 3564 rant,
706 3468 913 3570 cessarent,
942 3481 990 3556 δι’
1013 3478 1148 3562 omnia
1168 3475 1317 3585 legibus
1342 3472 1583 3558 mechanicis
1609 3469 1918 3588 permitterentur
1943 3532 1955 3570 ‚

565 3581 824 3688 languesceret
855 3588 1037 3704 paulatim
1059 3619 1187 3678 motus
1204 3591 1411 3700 globorum
1436 3589 1522 3692 (ob
1541 3589 1733 3674 rationem
1763 3587 1804 3670 in
1834 3587 1958 3680 corol.

569 3731 606 3808 3.
634 3708 675 3782 δε
689 3731 731 3803 4:
746 3705 992 3815 affignatam)
1010 3719 1050 3791 dt
1064 3710 1235 3794 vortices
1250 3707 1409 3791 tandem
1428 3705 1763 3814 conquiescet-ent

626 3821 734 3904 Coros.
769 3839 806 3912 6.
835 3823 878 3906 Si
897 3823 1006 3934 globi
1036 3823 1161 3943 plures
1180 3821 1279 3910 datis
1299 3822 1340 3906 in
1371 3821 1468 3912 locis
1499 3821 1651 3914 circum
1676 3849 1767 3903 axes
1797 3817 1958 3938 positio·

1906 3965 1959 4028 ne

567 4298 635 4364 ‘dem
659 4302 770 4384 semper
787 4321 884 4367 tenore
905 4323 1069 4376 movenurr
1089 4307 1239 4378 ettamen,
1283 4305 1367 4377 ritis,
1386 4309 1417 4370 ὁ(
1436 4325 1484 4385 per
1496 4302 1663 4366 infinitatem
1680 4303 1792 4365 enimse
1807 4299 1955 4364 tlrrnntse-¹

568 4403 683 4462 propter
707 4387 819 4451 orbium
847 4387 1012 4451 interiorum
1030 4393 1167 4472 majorem
1186 4410 1238 4450 ve·
1284 4389 1380 4448 renriae
1410 4389 1596 4448 abtbrbeatur.
1646 4387 1710 4455 Qus
1731 4387 1836 4446 ratione
1860 4381 1893 4440 fir
1923 4399 1957 4454 tat

567 4465 710 4527 locitatem
738 4469 902 4548 angularem
936 4469 1113 4548 attritumque
1147 4471 1236 4532 ronti·
1283 4470 1396 4531 orbium
1419 4469 1612 4552 bagulatum,
1641 4467 1688 4543 qui
1707 4467 1834 4526 eamdem
1856 4468 1954 4525 motds

567 4567 677 4616 nuum,
704 4552 786 4612 osbas
809 4549 959 4613 exteriores
979 4555 1112 4631 perperus
1134 4572 1235 4633 urgen—
1282 4553 1464 4630 quantitatem
1492 4551 1519 4609 in
1551 4551 1620 4610 alios
1644 4549 1793 4608 errorores
1814 4543 1897 4604 amur
1918 4547 1951 4606 dc

567 4643 613 4687 tur
635 4631 666 4690 ἀ
689 4633 725 4691 ad
743 4651 853 4694 motum
880 4636 1091 4696 accelerandum
1117 4635 1235 4696 incitan-
1282 4635 1392 4716 semper
1425 4631 1616 4703 transferunt,
1644 4629 1722 4692 idem
1755 4627 1789 4690 sit
1819 4625 1956 4710 perpessu

568 4725 630 4776 turs
659 4713 763 4774 necesse
784 4713 821 4773 est
840 4731 870 4773 ur
889 4734 978 4786 motus
996 4733 1130 4798 perpetuo
1149 4738 1237 4779 trans·
1283 4737 1382 4784 motus.
1763 4741 1764 4748 ¹

567 4789 671 4858 seratur
690 4799 707 4857 a
726 4820 823 4869 centro
843 4801 879 4864 ad
898 4799 1151 4866 drmmsetentiam
1170 4823 1237 4874 vore
1280 4843 1281 4846 ¹
