4326 5724
1640 553 1696 638 ns
1709 533 1793 636 Mi·

1613 679 1667 736 'ru
1697 659 1791 736 Cott-

493 741 500 758 ·
618 817 621 824 Δ
759 729 763 738 ·
831 682 1096 802 Scholion.
1612 777 1754 838 rotun.

1588 917 1590 925 .
1640 851 1758 934 Luam

206 958 213 1074 J
265 964 449 1080 Speblant
462 961 741 1082 propositiones
756 955 973 1072 novillpmae
988 957 1038 1046 ad
1055 948 1211 1052 motum
1234 961 1333 1048 lucis
1350 967 1392 1046 8(
1406 959 1601 1045 sonotum.
1616 953 1792 1076 securos·

210 1083 276 1188 (Ῥ)
300 1081 392 1168 Lux
411 1083 520 1168 eninr
541 1080 636 1166 cirm
659 1073 889 1194 propagetur
917 1073 1133 1170 sec'undurn
1157 1077 1277 1178 lineas
1304 1085 1443 1170 cedias,
1472 1075 1514 1160 in
1542 1049 1793 1194 ac-{fffgffi

208 1201 324 1287 tione
350 1197 428 1286 soli
461 1212 543 1315 (per
574 1224 780 1314 propxtr.
823 1198 864 1278 8(
908 1206 1049 1296 ituri.)
1090 1197 1291 1284 consistere
1328 1193 1477 1306 nequit.
1508 1191 1793 1288 Sonirrosn‘

209 1315 305 1402 veri>
332 1311 534 1432 propterci
550 1313 659 1422 quod
678 1307 939 1422 *acorporibus
963 1313 1136 1397 tremulis
1159 1310 1346 1408 oriantur,
1373 1305 1472 1394 nihil
1502 1283 1736 1396 aliudX¹s²'

207 1439 292 1520 lunt
329 1461 451 1542 quarn
482 1429 578 1514 ae'ris
611 1426 736 1544 pulsus
766 1426 965 1543 propagati
993 1417 1053 1542 per
1092 1461 1184 1549 prop.
1213 1457 1351 1514 xtrrr.
1389 1425 1614 1515 Confirmat:-

205 1573 266 1636 tur
285 1543 328 1633 id
352 1577 402 1630 ex
420 1545 650 1644 tremoribus
672 1575 770 1652 quos
785 1541 958 1628 excitant
974 1540 1014 1625 in
1033 1543 1260 1658 corporibus
1286 1541 1470 1652 objectis,
1486 1543 1513 1624 fi
1527 1573 1612 1628 rno-

208 1663 261 1752 do
285 1661 544 1768 vehementes
572 1665 646 1747 sint
676 1669 718 1743 8(
751 1691 912 1768 graves,
942 1657 1075 1768 quales
1100 1667 1184 1748 sunt
1215 1659 1300 1744 soni
1314 1686 1612 1776 tympanorum.

211 1793 285 1882 (l)
323 1779 365 1862 N
369 1811 433 1864 am
454 1803 640 1862 tremores
655 1777 861 1863 celeriores
876 1783 916 1862 8(
943 1773 1142 1864 breviores
1160 1773 1355 1860 difficilius
1382 1773 1610 1860 excitantur.

209 1895 288 1979 Sed
310 1904 351 1979 8(
379 1895 494 2006 sonos
528 1893 704 2002 quosviS,
736 1893 778 1977 in
807 1891 971 1979 chordas
999 1893 1223 2010 corporibus
1249 1889 1397 1976 sonoris
1431 1890 1610 1976 unisonas

209 2011 419 2127 impadtop,
435 1999 619 2126 excitate
639 2033 827 2096 tremores
839 2009 1078 2095 notiffimum
1099 2017 1163 2096 cst.
1196 2007 1461 2094 Confirntatur
1490 2007 1610 2110 etiarn
1681 2115 1685 2124 Ι

210 2157 261 2241 ex
286 2126 495 2214 velocitate
513 2129 708 2246 sonorum.
738 2127 849 2212 Nam
867 2125 961 2212 clun
991 2127 1163 2244 pondera
1182 2123 1362 2244 specifica
1390 2155 1499 2238 aquae
1524 2121 1609 2252 plu·

1525 2268 1608 2326 vla-

231 555 238 571 *
350 389 1348 558 ‚rtrrcnn‘Msrnsnrrror.
1458 419 1599 558 ,39²1

210 2461 241 2504 te
262 2441 391 2526 peragit,
406 2442 547 2507 invenitur
560 2443 574 2524 (
589 2464 640 2525 pet
653 2441 787 2506 formulas
801 2461 881 2522 303,
929 2461 1015 2506 omne
1034 2443 1150 2506 fluidum
1169 2457 1319 2526 propagata
1332 2440 1481 2523 divergunt
1503 2442 1608 2506 arene
1722 2499 1729 2517 ‚

211 2523 311 2602 304),
331 2523 361 2584 si
378 2525 515 2586 nimirum
530 2529 636 2589 chorda
654 2525 753 2585 musica
764 2526 799 2585 ad
821 2525 883 2584 uni-
933 2526 1044 2586 tramite
1065 2527 1095 2586 in
1118 2529 1203 2606 {paria
1226 2523 1345 2584 immota
1373 2525 1403 2584 8(
1426 2543 1498 2602 pone
1515 2525 1607 2585 oblia-

209 2605 309 2667 sonum
336 2608 382 2667 vel
407 2608 444 2666 ad
469 2627 567 2668 notam
590 2607 800 2671 consonantiam
819 2627 884 2666 cum
932 2607 994 2667 cula
1034 2606 1247 2683 circumquaque
1282 2605 1507 2674 diffunduntur,
1557 2625 1606 2684 pet

210 2685 279 2748 sono
302 2687 368 2746 dato
395 2687 551 2748 reducatur.
589 2687 667 2750 Citrn
697 2688 773 2746 enim
803 2705 885 2748 tono·
933 2709 1012 2766 prop.
1030 2687 1136 2749 citatas.
1173 2687 1252 2748 Citm
1272 2687 1357 2768 igitur
1380 2687 1475 2744 lumen
1494 2687 1524 2744 fit
1541 2705 1607 2748 tor-

211 2785 274 2829 tum
290 2766 445 2827 differentia
456 2773 474 2828 'a
485 2789 602 2831 numero
613 2769 801 2830 vibrationum
819 2787 885 2844 quas
933 2789 982 2846 put
992 2807 1004 2841 ,
1023 2787 1053 2828 ut
1076 2789 1143 2848 pote
1161 2787 1240 2830 motu
1260 2768 1427 2848 progrelliro
1444 2766 1590 2846 pradittnti
1597 2805 1609 2837 ,

211 2867 309 2924 corpus
338 2851 467 2909 resonum
495 2849 561 2910 dato
589 2869 716 2927 tempore
737 2849 884 2922 abtolvit,
934 2855 969 2910 ab
991 2845 1136 2911 obstaculis
1157 2854 1292 2911 reflexum
1308 2853 1338 2910 8(
1357 2847 1517 2918 refractum,
1542 2869 1606 2911 rno-

212 2928 357 3008 pendeat(
372 2933 467 3000 308&
484 2933 583 3004 312),
604 2931 693 2990 iidem
710 2929 883 2991 tonieodem
933 2950 1047 3006 tumque
1092 2931 1121 2990 in
1159 2930 1322 3010 corporibus
1358 2950 1417 3004 quae
1453 2932 1608 2992 inflammat

211 3009 402 3072 vibrationum
423 3011 635 3072 isochronarurn
655 3011 884 3088 nurneroprodu·
933 3011 1085 3083 excitans,
1114 3015 1218 3071 necesse
1245 3011 1297 3069 etse
1318 3007 1428 3071 videtur
1454 3030 1485 3071 ut
1509 3017 1608 3072 beor·

211 3107 316 3151 cuntur.
346 3093 455 3152 Notum
473 3093 545 3153 verb
564 3093 602 3152 est
617 3091 734 3170 spatium
746 3091 821 3170 quod
840 3092 884 3155 l'o·
932 3093 1044 3170 poribus
1081 3091 1221 3152 luminolis
1256 3091 1410 3157 tenuill'tma
1448 3092 1608 3170 corpuscula

212 3191 261 3233 uus
280 3173 347 3232 dato
355 3189 483 3250 tempore
493 3171 715 3252 describit(3r8
729 3177 750 3242 ).
932 3169 1093 3232 incredibili
1118 3173 1176 3233 sere
1212 3173 1360 3232 velocitate
1388 3172 1606 3248 quaquaversum

254 3251 385 3332 Exempli
405 3261 504 3324 causa,
536 3251 650 3314 fisenus
673 3252 800 3313 omnium
820 3273 884 3313 acu·
933 3253 1103 3311 emittantur.
1144 3251 1237 3328 Spatia
1266 3251 1350 3330 igitur
1379 3253 1521 3322 coelellia,
1542 3271 1603 3332 quae

209 3329 351 3404 rillimus,
384 3355 468 3410 quem
486 3335 610 3410 pollimus
630 3331 818 3412 distinguere,
840 3333 884 3393 vi·
932 3333 1067 3390 astrorum
1086 3332 1215 3412 omniurn
1234 3334 1296 3390 Lux
1316 3333 1450 3395 immensi
1470 3335 1518 3396 ills
1535 3337 1611 3394 cele-

214 3411 386 3474 brationibus
404 3413 519 3496 integris
537 3429 616 3482 0400
631 3431 760 3490 ternpore
784 3412 884 3471 minuti

215 3492 293 3554 unius
311 3495 421 3554 secundi
434 3494 562 3558 absolutis
579 3495 754 3571 producatur,
776 3497 807 3554 &
826 3513 887 3554 omn

215 3582 472 3663 niumgtaviffimus
486 3584 683 3645 vibrationibus
700 3605 731 3642 tt
754 3581 889 3660 {excite-

210 3663 262 3728 'tut
281 3708 292 3739 ,
325 3669 363 3728 uti
389 3673 425 3728 D.
453 3679 575 3735 Sattvettr
602 3673 630 3730 in
652 3671 773 3732 Historia
801 3670 890 3733 brad.

216 3749 319 3810 Sciens.
334 3749 415 3808 rarii
428 3771 470 3810 an.
485 3771 569 3818 1700.
583 3753 727 3814 arbitratus
738 3751 776 3810 eil
789 3777 798 3820 3
817 3751 891 3812 divi·

217 3831 253 3890 de
277 3831 394 3910 spatium
419 3851 506 3900 1142.
527 3835 630 3910 pedum
645 3831 861 3894 Londinenfium
881 3872 891 3901 ,

218 3911 292 3989 quod
317 3919 393 3980 lone
419 3931 546 3992 ternpore
566 3915 666 3974 rninuti
682 3914 761 3974 unius
780 3915 892 3974 retundi

215 3998 326 4062 conficit
344 4038 354 4070 ,
385 4022 435 4079 per
462 4023 592 4065 numeros
616 4017 705 4071 ⁶400.
736 4007 768 4066 &
807 4024 841 4064 ra
877 4043 892 4084 Ξ

215 4087 358 4149 succeffivi
380 4126 389 4156 ,
418 4091 449 4150 &
471 4091 572 4166 quoti,
595 4089 726 4152 videlicet
744 4092 826 4174 digiti
849 4093 894 4161 2',

222 4189 279 4239 14,
303 4173 334 4231 8(
355 4169 437 4247 pedes
455 4191 489 4238 9¹
508 4211 517 4240 ,
554 4185 590 4246 36
602 4212 611 4242 ,
634 4189 715 4231 erunt
736 4175 895 4233 latitudines

217 4253 372 4331 pullitum,
404 4252 499 4326 quibus
518 4253 576 4313 loni
601 4253 763 4313 acutiffimus
780 4257 811 4315 &
832 4273 896 4334 gra-

217 4335 336 4396 viffimut
360 4337 554 4410 producuntur.

262 4415 331 4490 (p)
354 4415 373 4457 *
395 4422 455 4474 Lux
477 4421 546 4476 enim
563 4417 622 4478 crim
634 4435 788 4500 propagetur
799 4413 895 4493 securt-

222 4491 286 4556 dtim
304 4499 386 4556 lineas
401 4497 484 4557 retias
494 4536 503 4566 ,
535 4499 565 4558 &
588 4499 752 4576 interpotins
771 4498 895 4573 torpori-

220 4573 269 4634 bus
286 4575 378 4653 opacis
394 4575 607 4654 intercipiatur,
627 4578 657 4637 in
680 4579 789 4639 anione
812 4581 888 4646 loli,

219 4653 268 4714 seu
285 4655 414 4733 preffione
424 4696 434 4726 ,
460 4679 572 4718 motuve
593 4680 641 4738 pet
659 4661 785 4718 medium
805 4660 892 4736 quod⁴

221 4733 290 4795 libet
321 4729 437 4825 fluidum
463 4759 648 4822 propagato,
677 4741 818 4802 contislere
848 4761 894 4824 ¹¹5*

222 4815 302 4894 quit,
319 4819 383 4895 quta
404 4819 500 4898 preffio
523 4825 555 4885 8(
577 4843 667 4888 motus
691 4843 741 4902 pet
768 4822 896 4886 medium

934 3413 1015 3471 ritate
1034 3429 1158 3488 permeat
1177 3421 1193 3482 ,'
1217 3411 1335 3472 materia
1352 3413 1471 3486 quadam
1491 3417 1613 3479 aetherea

936 3491 1108 3561 denstffimt,
1129 3511 1188 3567 quae
1207 3494 1348 3552 radiorum
1369 3493 1434 3551 lucis
1449 3515 1557 3554 morum
1568 3495 1612 3555 in·

937 3572 1087 3650 terciperet
1097 3611 1107 3641 ,
1130 3576 1212 3650 plena
1232 3575 1285 3632 elie
1304 3595 1358 3632 ntn
1378 3577 1493 3651 possunt.
1588 3571 1591 3582 '

979 3657 1048 3732 (q)
1074 3675 1139 3728 319.
1160 3655 1179 3697 'l‘
1201 3659 1275 3716 Nam
1294 3676 1412 3716 tremores
1431 3660 1559 3721 celeriores
1577 3658 1613 3724 ῥ’

939 3739 1071 3799 breviores
1109 3737 1240 3820 difficilius
1275 3741 1430 3797 excitantur.
1484 3743 1614 3818 Corpora
1680 3741 1684 3752 ⁸

941 3821 1018 3877 enirn
1046 3819 1154 3896 majora
1176 3819 1207 3878 8(
1233 3818 1322 3876 minut
1340 3819 1449 3877 clallica
1462 3822 1613 3898 majoribus
1672 3833 1677 3838 '

941 3902 997 3960 l'oni
1019 3898 1174 3978 gravioris,
1191 3917 1320 3974 cumquo
1336 3901 1484 3961 consonare
1499 3905 1615 3978 poliunt,

881 4005 888 4032 1
941 3979 1141 4042 vibrationibus
1160 3979 1265 4038 facilius
1283 3980 1471 4042 concutiuntur
1494 3987 1524 4044 8(
1547 4008 1615 4048 con-

943 4080 1073 4141 gruenter
1098 4059 1135 4117 ad
1163 4061 1288 4136 pullitum
1316 4081 1424 4120 motum
1454 4066 1615 4143 agitantum

945 4162 1008 4200 nant
1036 4143 1119 4198 debet
1145 4141 1197 4199 elle
1217 4140 1363 4218 proportio
1391 4144 1515 4216 quaedam
1541 4146 1615 4208 inter

944 4223 1070 4300 pulsuum
1102 4220 1170 4282 aitis
1199 4221 1374 4280 latitudinem
1401 4225 1430 4282 8(
1465 4245 1614 4300 corporum

944 4303 1187 4379 cirtumjedorunt
1227 4303 1469 4382 magnitudinem,
1501 4305 1616 4368 denlita-

942 4401 1000 4442 tcrn
1022 4385 1053 4442 ὅ(
1073 4383 1133 4442 vim
1152 4383 1315 4450 elallicam,
1335 4401 1362 4441 ut
1379 4385 1455 4442 sonus
1480 4385 1512 4443 iit
1535 4409 1614 4450 eorn-

943 4463 1100 4526 municetur
1112 4486 1122 4534 3
1150 4468 1179 4524 8(
1200 4485 1255 4540 quo
1275 4463 1350 4524 finae
1366 4465 1508 4526 breviores
1531 4471 1614 4542 lunt,

943 4546 1081 4606 tenuiores
1102 4547 1132 4605 8(
1156 4547 1243 4623 magis
1260 4547 1361 4612 teniat,
1381 4566 1416 4606 eo
1433 4547 1539 4608 facilius
1551 4574 1616 4624 acu-

940 4645 970 4690 to
993 4629 1059 4688 sono
1076 4627 1121 4686 seu
1142 4627 1313 4688 brevioribus
1334 4627 1403 4686 a'e'ris
1422 4627 1536 4705 pulsibus
1550 4631 1613 4712 agi·

942 4729 1033 4768 tantur
1056 4711 1087 4768 &
1114 4725 1298 4786 contremunt,
1326 4711 1393 4783 Qus
1410 4711 1504 4773 omnia
1519 4728 1612 4792 patent

943 4809 1108 4871 pernotant
1132 4807 1200 4869 317.
