4446 5714
562 449 672 568 172
726 443 727 451 ‘
853 407 1316 526 Purrosorutu
1378 406 1785 532 Nn‘runrtrs

256 581 259 592 “
378 571 436 646 DE
451 566 536 642 Mo·
555 597 718 686 corpus,
748 564 857 680 quod
867 569 911 654 srt
924 565 1237 653 condensationis
1250 595 1386 684 expers
1402 624 1413 666 ,
1430 568 1691 677 submergatur
1706 572 1750 658 in
1767 573 1847 660 hoc
1862 576 1953 662 fluis

377 687 431 741 TU
444 667 639 784 C⁰1³·d0,
667 684 709 769 id
726 715 776 770 ex
793 684 980 803 pressrone
1000 681 1182 800 ponderis
1204 681 1467 769 incumbentis
1484 685 1638 772 nullum
1661 686 1839 799 acquiret
1860 725 1954 778 mo·

374 783 521 935 PI‘JRUM'
555 825 660 890 tum:
690 831 772 890 non
798 798 1018 896 descendet,
1041 829 1122 885 non
1142 796 1346 896 ascendet,
1375 828 1456 884 non
1477 826 1638 908 cogetur
1661 801 1827 912 figuram
1844 810 1952 896 suam

373 883 529 1038 3Εέἒὲ
562 944 720 1005 mutare.
761 919 805 1002 Si
830 917 1061 1032 sphericum
1084 918 1164 1014 est,
1193 913 1367 1000 manebit
1391 916 1649 1046 sphericum,
1690 949 1772 1007 non
1796 924 1953 1010 obstan-

372 1064 475 1133 sncn
507 1059 549 1136 v.
558 1055 596 1121 te
614 1036 831 1149 preffione3
859 1030 1130 1143 dquadratum
1150 1035 1230 1130 est,
1260 1033 1434 1118 manebit
1451 1031 1701 1142 quadratum:
1730 1035 1851 1147 idque
1867 1042 1950 1128 srve

376 1161 465 1218 1²³0?-
483 1150 759 1250 xri-mouent,
789 1149 1175 1253 fivefluidiffimum3
1203 1149 1285 1233 five
1300 1145 1422 1236 fluido
1432 1146 1553 1235 libere
1568 1149 1736 1251 innatet,
1768 1155 1848 1242 five
1866 1159 1953 1241 firn-

375 1239 496 1388 {',¹'²⁰¹‘
557 1265 610 1352 do
638 1265 853 1362 incumbat.
913 1263 1044 1352 Habet
1067 1264 1178 1350 enim
1209 1261 1320 1348 fluidi
1342 1294 1427 1380 pars
1452 1265 1635 1375 quaelibet
1662 1269 1813 1355 interna
1831 1271 1952 1372 ,ratio-

410 1361 448 1392 ”
556 1412 651 1468 nem
676 1383 850 1500 corporis
874 1381 1083 1480 submersi,
1113 1387 1155 1464 dt
1173 1408 1241 1510 par
1258 1379 1421 1466 estrario
1447 1382 1629 1468 omnium
1655 1381 1830 1492 ejusdem
1843 1418 1951 1496 mag·

556 1498 770 1598 nitudinis,
799 1499 930 1607 figurae
948 1505 989 1582 ὅ(
1007 1495 1204 1604 gravitatis
1216 1493 1410 1613 specifica
1427 1497 1708 1599 submersorum
1726 1532 1952 1618 corporum.

556 1614 600 1698 Si
611 1645 660 1702 co
706 1647 749 1702 us
768 1614 1003 1700 submersum
1020 1616 1170 1700 servato
1186 1611 1358 1728 pondere
1375 1611 1603 1723 liquesceret
1619 1621 1661 1697 bt
1676 1615 1855 1703 indueret
1868 1617 1950 1705 for·

550 1646 810 1835 oraminum
827 1732 961 1829 hoesr
980 1729 1082 1847 ptius
1098 1728 1331 1824 ascenderet,
1347 1728 1415 1816 vel
1431 1727 1692 1828 descenderet,
1705 1731 1772 1818 vel
1785 1759 1835 1817 ex
1876 1737 1950 1819 res·

554 1849 661 1933 stone
685 1847 850 1957 figuram
873 1877 1026 1935 novam
1041 1842 1244 1942 indueret,
1273 1844 1391 1930 etiam
1406 1874 1512 1930 nunc
1538 1845 1771 1944 ascenderet,
1801 1765 1951 1935 veide-

553 1962 764 2064 scenderet,
779 1963 846 2050 vel
871 1961 1036 2070 figuram
1052 1989 1204 2047 novam
1234 1959 1396 2047 induere
1425 1985 1649 2069 cogeretur:
1677 1961 1719 2046 id
1735 1963 1834 2050 adeo
1859 1964 1951 2074 quia

556 2077 722 2186 gravitas
751 2077 833 2188 ejus
855 2101 1080 2188 ceteraeque
1100 2097 1282 2162 motuum
1302 2079 1423 2164 causae
1438 2099 1677 2190 permanent.
1717 2079 1844 2186 Atqui
1861 2092 1951 2198 (per

556 2194 630 2308 cafi
649 2227 685 2303 5.
707 2225 802 2314 prop.
821 2205 943 2298 xix.)
966 2192 1045 2304 jam
1065 2192 1339 2300 quiesceret&
1362 2191 1525 2301 figuram
1544 2191 1736 2279 retineret.
1778 2195 1950 2306 Ergo&

584 2339 672 2398 nus.
1739 2331 1744 2342 '

555 2341 583 2426 P
613 2429 722 2514 Coros.
754 2453 791 2530 5.
838 2421 1009 2514 Proinde
1039 2449 1179 2540 corpus
1209 2419 1318 2534 quod
1352 2417 1532 2537 specifice
1572 2421 1725 2530 gravius
1754 2428 1807 2510 est
1830 2423 1949 2534 quim

552 2539 717 2627 fluidum
739 2540 810 2626 srbi
826 2541 1084 2650 contiguum,
1112 2537 1341 2635 subfidebit,
1370 2545 1412 2620 dt
1430 2537 1539 2648 quod
1553 2536 1731 2652 specifice
1747 2539 1873 2627 levius
1898 2548 1951 2627 est

553 2656 754 2757 ascendet,
784 2680 1018 2766 morumque
1041 2665 1083 2740 ὅ(
1098 2654 1231 2762 figurae
1247 2653 1508 2740 mutationem
1525 2653 1800 2766 consequetur,
1831 2683 1952 2765 quan-

551 2795 640 2858 tum
671 2774 843 2860 excessus
863 2770 928 2856 ille
949 2771 1015 2857 vel
1031 2771 1205 2858 desectus
1220 2769 1417 2880 gravitatis
1437 2769 1591 2858 efficere
1606 2771 1727 2885 poffit.
1757 2771 1949 2885 Namque

552 2887 726 2972 excessus
741 2888 806 2974 isle
828 2889 895 2975 vel
908 2886 1078 2975 defectus
1092 2885 1286 2974 rationem
1299 2885 1416 2972 habet
1444 2885 1654 3016 impulsus,
1683 2915 1764 2997 quo
1784 2917 1923 3005 corpus
1935 2947 1949 2988 ,

551 3001 643 3090 aliis
663 3003 704 3086 in
724 3003 939 3115 equidibrio
959 3033 1054 3086 cum
1080 3001 1191 3085 fluidi
1207 3001 1376 3118 partibus
1394 3006 1672 3098 constrtutum,
1700 3027 1880 3110 urgetur3
1909 3011 1951 3088 ὃ(

551 3117 769 3236 comparari
800 3123 922 3236 potest
936 3147 1031 3204 cum
1048 3121 1205 3206 excessu
1233 3115 1300 3204 vel
1327 3116 1482 3205 defertu
1498 3116 1678 3237 ponderis
1705 3115 1747 3204 in
1763 3117 1873 3204 lance
1899 3118 1951 3214 ale

553 3233 692 3322 rerutrd
710 3233 829 3322 librae.
1348 3274 1350 3278 ·

612 3357 719 3442 Coros.
742 3359 779 3438 6.
813 3351 1036 3468 Corporum
1049 3349 1167 3460 igitur
1195 3350 1239 3435 in
1258 3347 1387 3439 fluidis
1409 3351 1702 3439 constitutorum
1720 3347 1864 3548 duplex
1896 3353 1951 3435 est

551 3471 740 3576 gravitas,
769 3466 885 3557 altera
909 3497 1003 3558 vera
1027 3476 1072 3553 be
1094 3466 1281 3567 absoluta,
1311 3465 1427 3554 altera
1458 3497 1676 3584 apparens,
1715 3498 1770 3553 vu
1786 3467 1887 3574 garis
1907 3475 1957 3553 δι

549 3583 831 3702 comparativa.
878 3583 1062 3672 Gravitas
1077 3581 1247 3670 absoluta
1272 3587 1325 3668 est
1352 3581 1511 3669 vistota
1525 3581 1601 3694 qui
1615 3613 1753 3700 corpus
1768 3581 1950 3670 deorsum

550 3699 701 3789 tendit:
725 3699 886 3788 relativa
911 3710 953 3785 ὅ(
985 3695 1154 3806 vulgaria
1178 3705 1234 3785 est
1266 3695 1442 3785 excessus
1469 3697 1668 3807 gravitatis
1697 3729 1779 3809 quo
1811 3729 1953 3818 corpus

552 3816 677 3926 magis
696 3813 821 3901 tendit
848 3814 1032 3902 deorsum
1058 3842 1178 3925 quam
1204 3812 1370 3900 fluidum
1390 3813 1580 3902 ambiens.
1634 3813 1776 3901 Priorie
1796 3816 1952 3924 generis·

552 3935 739 4037 gravitate
770 3955 892 4048 partes
921 3929 1131 4018 fluidorum
1165 3937 1208 4016 dt
1237 3959 1304 4018 cor
1334 3959 1447 4017 orum
1483 3931 1664 4020 omnium
1695 3929 1888 4039 gravitant
1906 3931 1947 4014 in

551 4046 650 4134 locis
668 4047 740 4132 suis
757 4078 767 4130 r
795 4047 968 4161 ideoque
982 4045 1197 4156 conjunctis
1212 3963 1704 4165 ponderibuscomponunt
1718 4048 1871 4167 pondua
1885 4070 1947 4137 to÷

443 4185 449 4208 ‘
551 4162 638 4252 rius.
686 4165 797 4250 Nam
825 4187 952 4253 totum
976 4193 1101 4252 onme
1125 4193 1243 4272 grave
1272 4169 1352 4260 est,
1392 4183 1434 4249 ut
1457 4161 1498 4247 in
1525 4165 1623 4250 vasis
1640 4162 1842 4272 liquorum
1868 4161 1948 4282 ple·

487 4289 489 4293 ’
551 4279 611 4365 nis
639 4281 805 4399 experiri
831 4281 953 4386 licet3
983 4289 1026 4366 ὃ(
1046 4281 1198 4398 pondus
1219 4279 1335 4366 totius
1356 4277 1504 4388 equale
1522 4285 1576 4364 est
1597 4279 1833 4397 ponderibus
1862 4309 1950 4367 om·

552 4393 663 4482 nium
696 4395 886 4516 partium,
915 4398 1087 4508 ideoque
1107 4426 1157 4480 err
1179 4394 1321 4480 iisdem
1336 4394 1599 4514 componitur.
1630 4395 1800 4480 Alterius
1829 4423 1949 4502 gene-

551 4511 603 4607 ris
631 4514 816 4620 gravitate
839 4543 1001 4632 corpora
1027 4538 1108 4598 non
1129 4512 1319 4618 gravirant
1342 4511 1386 4595 in
1411 4508 1510 4598 locis
1531 4511 1606 4598 suis
1636 4567 1648 4610 ,
1687 4507 1821 4607 idest,
1849 4509 1949 4596 inter

551 4624 590 4711 se
615 4627 753 4716 collata
769 4659 850 4715 non
868 4652 1123 4745 praegravant,
1151 4626 1218 4712 sed
1242 4649 1411 4734 mutuos,
1424 4627 1474 4712 ad
1500 4624 1821 4714 descendendum
1833 4651 1950 4712 cona·-

552 4759 612 4830 tus
636 4745 890 4868 impedientia
921 4744 1209 4868 permanentia
1237 4742 1336 4837 locis
1363 4739 1464 4851 suit,
1494 4741 1655 4862 perinde
1686 4771 1734 4834 ac
1765 4741 1948 4864 sigravia

838 4905 841 4910 ·
1716 4907 1718 4912 ‚
1860 4885 1941 4946 non
