4326 5724
591 372 729 526 '398
896 367 1366 486 Putuosortttn
1409 365 1809 489 Nnuunnots

423 531 599 708 illl:
695 607 1125 695 puorostuto
1156 607 1233 744 ut.
1261 606 1656 746 THEOREMA
1684 610 1898 700 xxxix,

422 753 576 907 {ulussussnk
608 815 647 896 Si
685 811 863 922 cylindrus
880 807 1022 926 solidus.
1055 805 1191 913 infiniti
1229 807 1347 923 longus
1383 813 1421 889 in
1448 811 1563 914 fluido
1597 809 1766 920 uniformi
1797 815 1842 896 ὰ
1872 812 2004 915 infini-

423 936 572 1008 Sucuuu.
669 954 701 1011 to
734 934 828 1010 circo
858 958 964 1009 axem
985 927 1140 1041 postrioue
1169 923 1298 1006 datum
1322 920 1489 1033 unifhrmr'
1515 957 1594 1008 rum
1625 952 1721 1011 motu
1744 927 2004 1028 revolvatur,

422 1035 601 1174 {Effipffii'
672 1050 717 1128 θ
753 1043 800 1126 ab
835 1044 935 1151 hujus
962 1040 1108 1158 impulsu
1131 1034 1202 1150 fiola
1226 1063 1356 1154 agatur
1376 1041 1526 1132 liuidum
1567 1048 1605 1124 iro
1628 1043 1770 1137 orbem,
1797 1042 2004 1157 perseueret

423 1196 450 1252 T
462 1212 575 1272 naon.
675 1183 803 1270 aurem!
814 1160 928 1270 fluidi
959 1185 1050 1272 pars·
1081 1184 1299 1270 unaqueque
1335 1151 1555 1262 uniformiter
1598 1165 1636 1239 r'n
1669 1183 1765 1242 rnoru
1782 1159 1873 1268 suo3
1913 1163 2000 1247 dico

421 1278 566 1378 XXXIX·
670 1276 762 1386 qood
788 1291 942 1387 tempora
965 1273 1145 1388 periodica
1167 1277 1329 1386 partium
1350 1272 1463 1378 floridi
1489 1267 1568 1379 βων
1596 1297 1636 1358 ut
1664 1266 1816 1390 iplorom
1856 1273 2000 1382 dilian-

666 1398 725 1472 tior
742 1389 791 1472 ab
818 1393 886 1472 axe
908 1391 1073 1508 cylindri.
1470 1443 1473 1448 ·

644 1621 646 1624 ¹
665 1587 724 1672 Sit
751 1590 795 1670 A
806 1587 838 1666 F
845 1588 877 1667 L
897 1584 1094 1700 cylindrus
1116 1583 1361 1671 uniformiter
1374 1583 1476 1666 circa
1493 1611 1607 1667 axem
1629 1585 1657 1666 S
1665 1581 1706 1666 in
1719 1581 1859 1674 orbem
1873 1592 1993 1690 allus,

605 1699 807 1788 &circulis
826 1702 1083 1788 concentricis
1100 1703 1243 1786 BGM
1247 1759 1258 1798 ‚
1276 1703 1360 1784 CH
1366 1704 1416 1784 N
1417 1751 1429 1796 ‚
1457 1701 1585 1796 Dru,
1605 1703 1637 1784 E
1646 1700 1684 1784 K
1690 1703 1744 1798 P,
1760 1708 1838 1784 δίο.
1857 1699 1992 1787 dillin-

602 1844 735 1925 guatur
762 1816 925 1900 fluidum
941 1818 982 1902 in
1007 1818 1118 1904 orbes
1138 1815 1377 1931 cylindricos
1398 1815 1623 1899 innumeros
1644 1816 1916 1902 concentricos
1929 1821 1992 1920 so·

599 1935 699 2019 lidos
727 1929 898 2038 ejusdem
915 1934 1176 2026 craffitudinis.
1209 1932 1262 2017 Et
1287 1933 1476 2041 quoniam
1506 1930 1801 2038 homogeneum
1821 1938 1873 2017 est
1896 1933 1991 2024 liui-

601 2053 720 2146 dum,
739 2049 1002 2162 impreffiones
1022 2051 1294 2156 contiguorum
1318 2047 1471 2132 orbium
1488 2047 1531 2128 in
1559 2048 1597 2130 se
1612 2051 1990 2136 mutuofattaeerunr

605 2183 699 2283 (per
727 2166 988 2280 hypothesin)
1016 2191 1058 2250 ut
1086 2179 1154 2268 (²)
1188 2194 1324 2250 eorum
1347 2161 1604 2250 transsationes
1632 2162 1681 2246 ab
1712 2161 1911 2266 invicem,
1941 2175 1986 2249 ot

602 2280 822 2399 superficies
843 2282 1036 2388 contiguae
1066 2281 1267 2390 inquibus
1293 2277 1556 2391 impreffiones
1581 2277 1692 2365 fiunt.
1727 2277 1771 2361 Si
1790 2278 1988 2392 impreffio

598 2401 642 2482 in
677 2399 813 2483 orbem
837 2398 1008 2506 aliquem
1024 2395 1146 2504 major
1164 2404 1216 2482 est
1244 2394 1310 2496 vel
1330 2393 1459 2478 minor
1478 2423 1528 2475 ex
1544 2417 1648 2508 parte
1672 2394 1984 2505 concaviquam

481 2525 484 2530 ’
598 2544 650 2602 ex
681 2537 786 2630 parte
811 2513 1016 2617 convexit5
1040 2511 1264 2626 praevalebit
1286 2511 1479 2623 imprellio
1503 2509 1659 2609 fortior,
1680 2517 1722 2594 ὃ(
1750 2537 1906 2598 motum
1927 2547 1986 2601 or·

599 2632 657 2717 bis
686 2630 752 2717 vel
776 2630 1002 2717 accelerabit
1024 2629 1092 2714 vel
1118 2626 1348 2721 retardabit,
1380 2651 1492 2740 prout
1508 2626 1550 2708 in
1580 2627 1748 2712 eandem
1780 2628 1982 2735 regionem

597 2778 692 2832 cum
721 2745 835 2861 ipstus
858 2773 969 2834 motu
997 2745 1063 2832 vel
1096 2747 1136 2829 in
1162 2740 1395 2830 contrariam
1420 2739 1603 2852 dirigitur.
1657 2742 1827 2850 Proinde
1850 2769 1893 2830 ut
1923 2779 1983 2834 or·

596 2863 655 2948 bis
671 2862 927 2972 unusquisque
943 2864 985 2947 in
1003 2885 1113 2950 motu
1132 2865 1199 2947 suo
1216 2855 1458 2945 uniformiter
1489 2859 1721 2974 perseveret,
1745 2859 1890 2966 debent
1910 2861 1982 2948 im·

498 3063 504 3076 ,
596 2981 800 3096 preffiones
825 3007 874 3061 ex
903 3003 1008 3096 parte
1041 2977 1199 3092 utrique
1221 2977 1290 3062 fibi
1313 2973 1491 3063 invicem
1518 2975 1661 3090 aequari
1688 2983 1729 3060 ὅ(
1753 2971 1838 3060 fieri
1859 2977 1901 3060 in
1925 3009 1980 3062 re·

1590 3133 1592 3138 ·
1849 3121 1979 3204 grener

636 3438 701 3522 (a)
713 3455 778 3518 326.
789 3441 809 3482 ¹‘
819 3451 854 3507 ur
864 3465 950 3506 tortor
960 3449 1140 3528 translationes
1149 3449 1182 3508 ab
1191 3449 1266 3508 leeri-
1311 3442 1455 3512 invitem,
1474 3439 1543 3504 clun
1554 3443 1708 3522 hujusmodi
1723 3444 1909 3508 transsationes
1929 3443 1977 3504 fiet

594 3543 650 3581 cem
670 3521 860 3607 &superficies
877 3529 1003 3607 coorigm
1022 3527 1081 3592 &a
1121 3528 1151 3588 si
1170 3527 1264 3605 super·
1311 3525 1398 3606 spatia
1423 3523 1613 3586 velocitatibus
1633 3525 1755 3587 relativis
1783 3528 1850 3589 dato
1870 3546 1980 3603 tempo-

595 3599 671 3662 ficies
695 3606 832 3685 contiguae
858 3609 933 3668 nult
968 3609 1117 3671 uelocitate
1147 3609 1264 3672 relativi
1312 3627 1343 3667 re
1367 3607 1510 3682 descripta.
1550 3607 1579 3666 Si
1610 3609 1677 3667 veel>
1703 3609 1890 3682 translationes
1923 3607 1980 3668 illae

595 3681 713 3745 inrerl'e
736 3700 913 3748 mouerentur
932 3727 944 3758 ,
975 3708 1022 3750 aut
1039 3689 1153 3749 stellent
1173 3689 1264 3763 perfe-
1309 3687 1357 3747 seu
1373 3688 1534 3749 velocitates
1550 3686 1671 3748 relativa
1690 3687 1897 3764 superficierum
1911 3710 1981 3751 con-

594 3763 639 3822 lle
667 3765 809 3834 lubrice,
837 3770 911 3827 nulla
935 3767 1008 3830 foret
1025 3789 1122 3829 earum
1143 3767 1262 3828 triuio:
1310 3768 1450 3847 tiguarum
1477 3769 1611 3845 ponantur
1631 3771 1764 3844 aequalem
1794 3770 1979 3842 reltllontiae,

593 3861 622 3900 at
651 3845 668 3902 st
692 3847 846 3922 tuperlieieu
864 3849 913 3910 lint
935 3849 1035 3927 εἷρπε
1051 3851 1082 3911 &
1111 3847 1166 3908 alia
1183 3847 1263 3926 strper
1309 3849 1413 3908 caereris
1435 3850 1564 3925 paribus,
1593 3867 1671 3908 erunt
1691 3867 1720 3907 ut
1736 3849 1895 3926 superficies
1914 3873 1982 3913 con-

594 3921 680 4012 aliam
705 3926 842 3998 incedat,
871 3928 999 3991 nuscetur
1020 3949 1054 3988 ex
1081 3928 1202 4008 partium
1220 3949 1261 3990 at·
1309 3929 1392 4010 riguae
1409 3947 1469 4005 quae
1487 3929 1543 3987 sele
1560 3947 1657 3990 mutuo
1678 3948 1806 3990 atterunt.
1846 3931 1982 4002 Quareli

591 4020 658 4062 tntu
676 4005 862 4095 resistentia,
893 4029 974 4084 quae,
996 4011 1061 4074 dato
1079 4027 1209 4087 ternpore
1227 4013 1260 4076 &
1309 4033 1361 4070 nec
1381 4007 1536 4088 superficies
1555 4011 1702 4090 contigue,
1718 4031 1768 4070 nec
1784 4033 1884 4075 earum
1901 4017 1983 4076 relo-

592 4104 696 4146 ettrens
724 4090 862 4165 paribus,
895 4092 1038 4152 velocitati
1054 4092 1261 4172 superfir'ierum
1309 4091 1404 4150 citatos
1431 4090 1553 4150 relativae
1576 4091 1622 4150 seu
1642 4092 1829 4156 transsationes
1853 4097 1888 4155 ab
1907 4097 1982 4158 inui-

592 4167 715 4238 relarivaa
741 4169 955 4247 proportionalis
980 4173 1019 4232 est
1048 4181 1062 4250 (
1088 4195 1134 4259 per
1161 4177 1216 4258 hyp.
1237 4177 1260 4246 ).
1309 4191 1373 4232 cem
1391 4191 1530 4248 aequantur
1544 4191 1554 4242 3
1592 4167 1773 4244 resistentia,
1805 4177 1908 4238 caretis
1926 4196 1976 4252 pa-

590 4245 673 4304 Unde
693 4245 709 4304 fi
728 4247 882 4327 superficies
901 4253 1036 4334 contigua
1045 4293 1056 4324 ,
1077 4259 1262 4335 homogeneae
1308 4251 1409 4322 ribus,
1432 4270 1510 4312 erunt
1526 4251 1554 4310 in
1579 4253 1687 4316 ratione
1707 4257 1857 4337 compofirl
1877 4275 1909 4312 ex
1930 4275 1977 4316 ra-

591 4327 623 4386 &
645 4328 754 4400 aquatis
772 4333 873 4407 ubique
896 4331 1048 4412 asperitatis
1065 4335 1091 4395 se
1110 4336 1138 4394 se
1156 4337 1260 4400 viribus
1308 4331 1385 4394 tione
1406 4330 1614 4408 luperlicieruen
1629 4335 1821 4416 contiguarum
1839 4340 1870 4397 ὅ(
1886 4335 1993 4396 ratio--

590 4408 738 4496 equalibus
750 4429 877 4486 premunt
887 4451 896 4481 ‚
917 4416 949 4475 δε
963 4434 1094 4493 praeterea
1104 4413 1259 4492 fitperficies
1307 4431 1342 4470 ne
1359 4413 1564 4472 transsationum
1590 4416 1626 4472 ab
1642 4414 1765 4476 invicem
1780 4418 1844 4478 dato
1863 4435 1978 4495 ternpo-

590 4504 651 4560 quae
674 4489 752 4564 luper
772 4491 838 4553 alias
859 4491 909 4552 stbi
927 4497 1069 4578 contiguae
1086 4495 1218 4554 incedunt
1246 4533 1258 4563 ,
1306 4491 1500 4554 relaturum.
1527 4495 1719 4571 Imprelltonee
1745 4498 1811 4559 verb
1829 4496 1979 4577 contiguo-

590 4568 707 4641 aquales
740 4569 815 4642 lint3
843 4575 997 4636 relillemiae
1021 4597 1057 4637 ex
1078 4573 1172 4635 attritu
1191 4575 1260 4640 dato
1306 4593 1367 4634 turn
1395 4575 1508 4636 orbium
1535 4575 1565 4635 in
1586 4577 1613 4634 le
1633 4594 1729 4638 murtro
1747 4577 1848 4652 falle,
1870 4577 1931 4642 sunt
1948 4595 1978 4640 ut

590 4665 719 4740 tempore
737 4653 836 4731 genitae
851 4657 1070 4734 proportionales
1086 4671 1166 4716 eruut
1175 4658 1263 4717 trans·
1309 4654 1464 4735 telillerttiae
1483 4655 1580 4734 quibtu
1596 4658 1788 4740 producuntur.

592 4725 741 4792 latrornbur
770 4734 977 4816 tupetficierum
1008 4738 1205 4818 contiguoruu
1224 4741 1260 4815 alo¹
