4326 5724
303 369 323 541 s
370 391 734 518 Patronus
777 392 1324 515 Mnrnsunrren.
1468 429 1587 552 409

208 583 259 642 ne
285 551 394 644 datos
421 555 535 642 certis
553 569 647 642 cunt
673 555 944 643 velocitatibus
960 563 1174 643 constanter
1188 554 1499 650 revolverentur,
1519 549 1588 634 fie-
1607 551 1667 624 DE
1681 547 1771 622 Mo·

206 696 292 758 rent
314 670 483 758 vortices
504 671 670 758 totidem
699 675 740 756 in
767 669 964 776 infinitum
991 698 1206 787 pergentes.
1232 671 1343 754 Nam
1372 668 1480 777 globi
1511 669 1647 751 snr-TU
1666 646 1770 725 ΕΘΚ·

210 786 291 892 guli
328 785 469 872 erdem
492 789 640 873 ratione
671 783 757 899 qus.
776 814 875 873 unus
910 787 1048 895 aliquis
1080 809 1234 872 motum
1268 788 1379 870 suunt
1406 764 1751 918 propagatpfflss

212 902 254 986 in
273 901 487 1000 infinitum,
502 903 896 1018 propagabuntetiam
924 929 1054 990 motus
1079 905 1164 988 suos
1186 902 1227 983 in
1256 897 1470 996 infinitum,
1489 898 1590 984 adeo
1600 949 1758 1016 SECUND·

210 1041 253 1103 ut
276 1017 388 1101 fluidi
411 1017 553 1105 infiniti
578 1050 662 1135 pars
692 1046 934 1128 unaquaque
960 1049 1010 1104 eo
1038 1017 1198 1122 agitetur
1215 1040 1326 1102 motu
1344 1015 1415 1127 qui
1432 1043 1481 1100 ex
1502 1043 1752 1100 om-secrux.

212 1132 325 1218 nium
361 1133 567 1241 globorum
607 1134 821 1220 auionibus
843 1133 1007 1220 resultat.
1043 1132 1161 1216 Unde
1188 1132 1359 1220 vortices
1384 1160 1464 1213 non
1496 1127 1685 1264 defiqpor.
1707 1119 1774 1180 ¹⁴¹¹·

212 1248 366 1332 nientur
389 1248 503 1333 certis
518 1248 724 1348 limitibus,
752 1245 818 1332 sed
846 1247 886 1331 in
917 1251 955 1335 se
984 1271 1121 1334 mutuo
1154 1245 1338 1364 paulatim
1358 1221 1684 1350 ειιειιιιιιιιιςχῖ,Ι
1694 1219 1752 1264 ‘³⁸'

212 1363 399 1472 globique
411 1396 477 1477 per
491 1365 660 1451 astiones
672 1365 870 1450 vorticum
893 1363 934 1448 in
945 1367 981 1450 se
995 1387 1151 1462 mutuo,
1166 1384 1354 1478 perpetuo
1371 1361 1590 1447 movebun-

210 1503 270 1564 tur
299 1477 348 1561 de
361 1478 459 1562 locis
481 1478 572 1578 suis,
594 1481 649 1566 uti
669 1480 711 1564 in
735 1479 938 1566 corollario
965 1478 1158 1596 superiore
1173 1480 1394 1594 expositum
1419 1481 1497 1579 est3
1525 1506 1592 1562 ne-

213 1621 291 1701 que
320 1616 467 1680 certam
483 1595 664 1702 quamvis
678 1597 774 1681 inter
794 1599 831 1680 se
846 1596 1078 1711 positionem
1093 1597 1319 1690 servabunt,
1342 1593 1411 1676 nist
1426 1592 1593 1706 pervim

214 1709 386 1816 aliquam
410 1710 560 1796 retenti.
586 1711 828 1796 Cessantibus
857 1737 989 1796 autem
1010 1709 1157 1796 viribus
1185 1708 1259 1794 illis
1276 1738 1362 1817 quae
1390 1706 1431 1790 in
1456 1707 1594 1812 globos
1657 1719 1661 1729 “

213 1829 426 1910 constanter
441 1825 631 1940 impresse
656 1829 886 1913 conservant
907 1827 1026 1912 hosce
1053 1847 1208 1924 motus,
1228 1822 1386 1908 materia
1409 1823 1460 1907 ob
1475 1821 1593 1908 ratio-

213 1969 306 2023 nem
332 1939 373 2022 in
390 1941 594 2029 corollario
608 1946 721 2030 tertio
739 1951 780 2026 δι
800 1964 937 2052 quarto
951 1943 1191 2049 affignatam,
1211 1938 1396 2058 paulatim
1425 1935 1595 2046 requies-

212 2081 275 2142 cet
304 2063 343 2138 &
369 2056 410 2140 in
438 2055 610 2144 vortices
641 2059 702 2166 agi
729 2057 886 2144 desinet.
952 2055 955 2063 '
1620 2073 1623 2081 '

275 2176 386 2260 Coros.
409 2205 447 2275 7.
475 2173 519 2256 Si
537 2173 702 2259 fluidum
721 2171 885 2258 similare
908 2169 1104 2256 claudatur
1134 2170 1286 2258 invase
1318 2169 1521 2284 sphaerico,
1549 2200 1597 2254 ac

211 2285 318 2392 globi
330 2287 369 2370 in
384 2312 518 2375 centro
533 2290 767 2375 consistentis
780 2286 966 2374 uniformi
980 2285 1172 2373 rotatione
1188 2313 1315 2394 agatur
1335 2289 1374 2369 in
1391 2285 1598 2396 vorticem,

213 2401 351 2507 globus
366 2433 498 2490 autern
521 2415 562 2491 ὃ(
584 2405 706 2493 vasin
723 2405 907 2492 eamdem
927 2425 1077 2520 partem
1094 2405 1196 2489 c'itca
1220 2432 1334 2486 axem
1352 2399 1526 2486 eundem
1541 2431 1599 2485 re·

214 2516 446 2616 volvantur,
476 2522 625 2630 sintque
642 2553 780 2606 eorum
803 2546 978 2634 tempora
1003 2516 1202 2634 periodica
1216 2542 1258 2602 ut
1286 2516 1467 2626 quadrata
1483 2513 1600 2623 semi7
1698 2613 1712 2622 Q

217 2629 494 2719 diametrorum
511 2675 520 2719 :
535 2661 657 2750 panes
677 2635 785 2719 fluidi
808 2667 889 2722 non
911 2636 1012 2749 prius
1040 2633 1335 2750 perseverabunt
1359 2632 1400 2716 in
1428 2628 1601 2715 motibus

215 2748 288 2829 suis
305 2749 384 2832 stne
401 2749 681 2836 acceleratione
702 2757 743 2833 bt
763 2750 1043 2854 retardatione,
1060 2750 1179 2860 quim
1200 2751 1271 2834 srnt
1283 2774 1422 2833 eorum·
1442 2761 1601 2858 'tempo-

217 2891 259 2944 ra
289 2862 488 2978 periodica
517 2892 559 2952 ut
584 2865 765 2974 quadrata
798 2867 1061 2952 distantiarum
1084 2865 1106 2948 a
1130 2890 1264 2950 centro
1300 2859 1473 2950 vorticis.
1509 2859 1601 2944 Alia
1673 2927 1674 2932 a

219 2989 284 3080 (ἢ)
306 2977 408 3062 nulla
429 2979 590 3066 vorticis
613 2980 834 3069 constitutio
855 2988 976 3098 potest
1000 2980 1078 3067 elle
1097 3008 1341 3097 permanens·
1670 2990 1674 3000 '

208 3147 211 3152 ,
277 3098 385 3210 Coros.
419 3107 455 3178 8.
485 3095 529 3179 Si
557 3129 645 3196 var,
673 3097 838 3182 fluidum
866 3097 1076 3194 inclusum,
1106 3095 1307 3202 &globus
1326 3093 1478 3175 servent
1496 3073 1603 3172 ltunc

161 3213 163 3218 ’
218 3217 453 3307 ntotun1,&
469 3235 581 3306 motu
605 3237 787 3326 praeterea
804 3209 1011 3296 communi
1026 3209 1198 3316 angulari
1213 3210 1316 3292 circa
1331 3235 1446 3315 artem
1465 3233 1602 3310 quem.-

208 3324 277 3408 ¹vis
302 3323 727 3430 datumrevolvantur3
744 3326 933 3435 quoniam
961 3325 1041 3407 ltoc
1065 3349 1175 3408 motu
1198 3353 1307 3406 novo
1331 3349 1412 3405 non
1438 3342 1606 3418 mutatur

218 3440 363 3524 attritus
388 3439 554 3555 partiunt
578 3439 687 3525 fluidi
718 3441 761 3524 in
787 3443 823 3524 se
849 3441 1048 3537 invicem,
1085 3467 1165 3524 non
1199 3435 1445 3522 mutabuntur
1477 3458 1609 3516 motus

220 3554 385 3668 partium
404 3559 502 3640 inter
518 3559 567 3643 se.
588 3559 700 3640 Nam
716 3555 977 3659 translationes
1000 3553 1165 3668 partium
1182 3553 1278 3637 inter
1304 3555 1342 3634 se
1359 3543 1533 3664 pendent
1559 3545 1608 3630 ab

137 3767 142 3773 ¹
220 3669 359 3754 attritu.
389 3667 675 3780 Parsquaelibet
692 3672 734 3754 in
750 3703 798 3758 eo
824 3669 1080 3786 perseverabit
1096 3693 1230 3764 motu,
1258 3697 1337 3776 quo
1363 3665 1408 3748 fit
1421 3687 1463 3747 ut
1479 3661 1607 3744 attritu

219 3785 358 3868 exuno
369 3781 486 3870 latere
502 3817 582 3872 non
592 3787 715 3894 magis
724 3787 888 3873 tardetur
897 3784 1256 3896 quamacceleretur
1269 3781 1394 3866 attritu
1404 3807 1453 3862 ex
1474 3774 1606 3862 altero.

280 3903 388 3986 Coros.
415 3931 456 4003 9.
488 3903 584 4006 (b)
615 3903 732 3987 Unde
764 3905 792 3986 st
820 3935 890 3991 vas
911 3903 1080 4012 quiescat
1104 3933 1150 3986 ac
1174 3901 1285 3984 detur
1318 3921 1447 3981 morus
1472 3890 1605 3999 globi,

221 4014 372 4099 dabitur
404 4043 533 4102 motus
554 4017 675 4104 fluidi.
698 4021 810 4103 Nam
838 4017 1004 4131 concipe
1032 4017 1191 4132 planum
1218 4015 1370 4098 transire
1396 4039 1461 4124 pet
1486 4036 1606 4090 axem

220 4129 329 4239 globi
350 4137 392 4214 ὅ(
408 4159 518 4220 motu
537 4133 730 4224 contrario
745 4133 921 4239 revolvi5
947 4141 988 4216 δι
1006 4162 1110 4248 pone
1126 4134 1318 4218 summam
1337 4122 1526 4240 temporis
1542 4150 1605 4203 re·

1530 4266 1604 4331 VO:

263 4447 331 4519 (Ι)
350 4446 371 4490 *
392 4449 455 4510 Alia
477 4451 553 4511 nulla
571 4451 827 4530 vorticisconflirurr'o
842 4469 888 4535 pr·
934 4449 1022 4511 latere
1039 4467 1096 4512 non
1113 4442 1203 4526 tnagis
1220 4441 1344 4506 tardetur
1363 4441 1448 4516 quam
1464 4433 1605 4500 accelera·⁴
1725 4455 1735 4495 r

220 4527 265 4604 refl
281 4527 498 4613 effipermarrens.
527 4531 630 4610 Nam(
648 4549 683 4588 ex
704 4532 887 4610 demonstr.)
935 4552 980 4594 rur
999 4531 1093 4590 attritu
1109 4547 1144 4586 ex
1159 4527 1247 4587 altero
1267 4527 1363 4582 latere.
1440 4598 1447 4611 θ
1518 4535 1537 4609 .'

221 4624 256 4664 ea
277 4607 359 4669 debet
378 4611 430 4671 else
449 4610 560 4672 vorticis
581 4605 758 4681 constitutio,
779 4633 809 4672 ut
828 4634 887 4688 pars
923 4673 926 4680 ,
976 4613 1042 4688 (b)
1063 4611 1082 4652 ⁴⁸
1104 4616 1164 4669 cor.
1178 4628 1207 4674 9.
1248 4599 1604 4688 Fluidumfimnaremra-

221 4685 351 4762 qualibet
372 4692 448 4752 fluidi
467 4693 544 4770 pollis
564 4691 594 4752 in
613 4691 662 4753 suo
681 4713 760 4754 motu
783 4692 888 4754 unifor·
936 4694 964 4753 se
983 4691 1117 4770 sphaerico
1134 4691 1160 4748 E
1181 4689 1208 4746 K
1227 4689 1248 4746 P
1264 4684 1384 4746 clausum
1407 4681 1447 4739 ita
1463 4695 1561 4760 agatur
1578 4693 1608 4735 ιιι

204 4765 314 4909 ‘¹¹¹³‘ss
335 4771 509 4910 perpepetue
530 4813 541 4846 ,
569 4775 601 4836 δι
620 4790 650 4834 ιιι
671 4775 814 4862 arrriruex
833 4794 891 4855 uno
937 4773 1093 4852 vorticem,
1113 4791 1143 4834 ut
1163 4767 1278 4837 taudem
1294 4758 1479 4914 Pflgt‘ffflllsl
1499 4759 1530 4858 il
1538 4776 1612 4902 :a

288 4916 300 4923 -
310 4870 359 4910 om.
406 4890 429 4926 ‚a
635 4859 639 4864 '
983 4869 994 4888 ⁸
1361 4911 1371 4919 .
1390 4905 1399 4916 .
1582 4857 1600 4898 u
